%YAML 1.1
%TAG !u! tag:unity3d.com,2011:
--- !u!29 &1
OcclusionCullingSettings:
  m_ObjectHideFlags: 0
  serializedVersion: 2
  m_OcclusionBakeSettings:
    smallestOccluder: 5
    smallestHole: 0.25
    backfaceThreshold: 100
  m_SceneGUID: 00000000000000000000000000000000
  m_OcclusionCullingData: {fileID: 0}
--- !u!104 &2
RenderSettings:
  m_ObjectHideFlags: 0
  serializedVersion: 9
  m_Fog: 0
  m_FogColor: {r: 0.5, g: 0.5, b: 0.5, a: 1}
  m_FogMode: 3
  m_FogDensity: 0.01
  m_LinearFogStart: 0
  m_LinearFogEnd: 300
  m_AmbientSkyColor: {r: 0.212, g: 0.227, b: 0.259, a: 1}
  m_AmbientEquatorColor: {r: 0.114, g: 0.125, b: 0.133, a: 1}
  m_AmbientGroundColor: {r: 0.047, g: 0.043, b: 0.035, a: 1}
  m_AmbientIntensity: 1
  m_AmbientMode: 0
  m_SubtractiveShadowColor: {r: 0.42, g: 0.478, b: 0.627, a: 1}
  m_SkyboxMaterial: {fileID: 2100000, guid: db904828e0873284c820c52ae0a7e32b, type: 2}
  m_HaloStrength: 0.5
  m_FlareStrength: 1
  m_FlareFadeSpeed: 3
  m_HaloTexture: {fileID: 0}
  m_SpotCookie: {fileID: 10001, guid: 0000000000000000e000000000000000, type: 0}
  m_DefaultReflectionMode: 0
  m_DefaultReflectionResolution: 128
  m_ReflectionBounces: 1
  m_ReflectionIntensity: 1
  m_CustomReflection: {fileID: 0}
  m_Sun: {fileID: 705507994}
  m_IndirectSpecularColor: {r: 0, g: 0, b: 0, a: 1}
  m_UseRadianceAmbientProbe: 0
--- !u!157 &3
LightmapSettings:
  m_ObjectHideFlags: 0
  serializedVersion: 12
  m_GIWorkflowMode: 1
  m_GISettings:
    serializedVersion: 2
    m_BounceScale: 1
    m_IndirectOutputScale: 1
    m_AlbedoBoost: 1
    m_EnvironmentLightingMode: 0
    m_EnableBakedLightmaps: 1
    m_EnableRealtimeLightmaps: 0
  m_LightmapEditorSettings:
    serializedVersion: 12
    m_Resolution: 2
    m_BakeResolution: 40
    m_AtlasSize: 1024
    m_AO: 0
    m_AOMaxDistance: 1
    m_CompAOExponent: 1
    m_CompAOExponentDirect: 0
    m_ExtractAmbientOcclusion: 0
    m_Padding: 2
    m_LightmapParameters: {fileID: 0}
    m_LightmapsBakeMode: 1
    m_TextureCompression: 1
    m_FinalGather: 0
    m_FinalGatherFiltering: 1
    m_FinalGatherRayCount: 256
    m_ReflectionCompression: 2
    m_MixedBakeMode: 2
    m_BakeBackend: 1
    m_PVRSampling: 1
    m_PVRDirectSampleCount: 32
    m_PVRSampleCount: 500
    m_PVRBounces: 2
    m_PVREnvironmentSampleCount: 500
    m_PVREnvironmentReferencePointCount: 2048
    m_PVRFilteringMode: 2
    m_PVRDenoiserTypeDirect: 0
    m_PVRDenoiserTypeIndirect: 0
    m_PVRDenoiserTypeAO: 0
    m_PVRFilterTypeDirect: 0
    m_PVRFilterTypeIndirect: 0
    m_PVRFilterTypeAO: 0
    m_PVREnvironmentMIS: 0
    m_PVRCulling: 1
    m_PVRFilteringGaussRadiusDirect: 1
    m_PVRFilteringGaussRadiusIndirect: 5
    m_PVRFilteringGaussRadiusAO: 2
    m_PVRFilteringAtrousPositionSigmaDirect: 0.5
    m_PVRFilteringAtrousPositionSigmaIndirect: 2
    m_PVRFilteringAtrousPositionSigmaAO: 1
    m_ExportTrainingData: 0
    m_TrainingDataDestination: TrainingData
    m_LightProbeSampleCountMultiplier: 4
  m_LightingDataAsset: {fileID: 0}
  m_LightingSettings: {fileID: 0}
--- !u!196 &4
NavMeshSettings:
  serializedVersion: 2
  m_ObjectHideFlags: 0
  m_BuildSettings:
    serializedVersion: 2
    agentTypeID: 0
    agentRadius: 0.5
    agentHeight: 2
    agentSlope: 45
    agentClimb: 0.4
    ledgeDropHeight: 0
    maxJumpAcrossDistance: 0
    minRegionArea: 2
    manualCellSize: 0
    cellSize: 0.16666667
    manualTileSize: 0
    tileSize: 256
    accuratePlacement: 0
    maxJobWorkers: 0
    preserveTilesOutsideBounds: 0
    debug:
      m_Flags: 0
  m_NavMeshData: {fileID: 0}
--- !u!1 &27549724
GameObject:
  m_ObjectHideFlags: 0
  m_CorrespondingSourceObject: {fileID: 0}
  m_PrefabInstance: {fileID: 0}
  m_PrefabAsset: {fileID: 0}
  serializedVersion: 6
  m_Component:
  - component: {fileID: 27549726}
  - component: {fileID: 27549725}
  m_Layer: 0
  m_Name: Point Light
  m_TagString: Untagged
  m_Icon: {fileID: 0}
  m_NavMeshLayer: 0
  m_StaticEditorFlags: 0
  m_IsActive: 1
--- !u!108 &27549725
Light:
  m_ObjectHideFlags: 0
  m_CorrespondingSourceObject: {fileID: 0}
  m_PrefabInstance: {fileID: 0}
  m_PrefabAsset: {fileID: 0}
  m_GameObject: {fileID: 27549724}
  m_Enabled: 1
  serializedVersion: 10
  m_Type: 2
  m_Shape: 0
  m_Color: {r: 0.46598858, g: 0.36725703, b: 0.5943396, a: 1}
  m_Intensity: 4
  m_Range: 5
  m_SpotAngle: 30
  m_InnerSpotAngle: 21.80208
  m_CookieSize: 10
  m_Shadows:
    m_Type: 0
    m_Resolution: -1
    m_CustomResolution: -1
    m_Strength: 1
    m_Bias: 0.05
    m_NormalBias: 0.4
    m_NearPlane: 0.2
    m_CullingMatrixOverride:
      e00: 1
      e01: 0
      e02: 0
      e03: 0
      e10: 0
      e11: 1
      e12: 0
      e13: 0
      e20: 0
      e21: 0
      e22: 1
      e23: 0
      e30: 0
      e31: 0
      e32: 0
      e33: 1
    m_UseCullingMatrixOverride: 0
  m_Cookie: {fileID: 0}
  m_DrawHalo: 0
  m_Flare: {fileID: 0}
  m_RenderMode: 0
  m_CullingMask:
    serializedVersion: 2
    m_Bits: 4294967295
  m_RenderingLayerMask: 1
  m_Lightmapping: 4
  m_LightShadowCasterMode: 0
  m_AreaSize: {x: 1, y: 1}
  m_BounceIntensity: 1
  m_ColorTemperature: 6570
  m_UseColorTemperature: 0
  m_BoundingSphereOverride: {x: 0, y: 0, z: 0, w: 0}
  m_UseBoundingSphereOverride: 0
  m_UseViewFrustumForShadowCasterCull: 1
  m_ShadowRadius: 0
  m_ShadowAngle: 0
--- !u!4 &27549726
Transform:
  m_ObjectHideFlags: 0
  m_CorrespondingSourceObject: {fileID: 0}
  m_PrefabInstance: {fileID: 0}
  m_PrefabAsset: {fileID: 0}
  m_GameObject: {fileID: 27549724}
  m_LocalRotation: {x: 0, y: 0, z: 0, w: 1}
  m_LocalPosition: {x: -0.89, y: 1.49, z: -0.89}
  m_LocalScale: {x: 1, y: 1, z: 1}
  m_ConstrainProportionsScale: 0
  m_Children: []
  m_Father: {fileID: 0}
  m_RootOrder: 7
  m_LocalEulerAnglesHint: {x: 0, y: 0, z: 0}
--- !u!1001 &34544845
PrefabInstance:
  m_ObjectHideFlags: 0
  serializedVersion: 2
  m_Modification:
    m_TransformParent: {fileID: 1371138410}
    m_Modifications:
    - target: {fileID: 3059336027126470425, guid: db683e61e98b98e4990eaa96ee769581, type: 3}
      propertyPath: m_RootOrder
      value: 23
      objectReference: {fileID: 0}
    - target: {fileID: 3059336027126470425, guid: db683e61e98b98e4990eaa96ee769581, type: 3}
      propertyPath: m_LocalScale.x
      value: 1.35
      objectReference: {fileID: 0}
    - target: {fileID: 3059336027126470425, guid: db683e61e98b98e4990eaa96ee769581, type: 3}
      propertyPath: m_LocalScale.y
      value: 2.5238001
      objectReference: {fileID: 0}
    - target: {fileID: 3059336027126470425, guid: db683e61e98b98e4990eaa96ee769581, type: 3}
      propertyPath: m_LocalScale.z
      value: 11.77784
      objectReference: {fileID: 0}
    - target: {fileID: 3059336027126470425, guid: db683e61e98b98e4990eaa96ee769581, type: 3}
      propertyPath: m_LocalPosition.x
      value: 6.17
      objectReference: {fileID: 0}
    - target: {fileID: 3059336027126470425, guid: db683e61e98b98e4990eaa96ee769581, type: 3}
      propertyPath: m_LocalPosition.y
      value: -2.66
      objectReference: {fileID: 0}
    - target: {fileID: 3059336027126470425, guid: db683e61e98b98e4990eaa96ee769581, type: 3}
      propertyPath: m_LocalPosition.z
      value: 0.8
      objectReference: {fileID: 0}
    - target: {fileID: 3059336027126470425, guid: db683e61e98b98e4990eaa96ee769581, type: 3}
      propertyPath: m_LocalRotation.w
      value: 0.7071068
      objectReference: {fileID: 0}
    - target: {fileID: 3059336027126470425, guid: db683e61e98b98e4990eaa96ee769581, type: 3}
      propertyPath: m_LocalRotation.x
      value: 0.7071068
      objectReference: {fileID: 0}
    - target: {fileID: 3059336027126470425, guid: db683e61e98b98e4990eaa96ee769581, type: 3}
      propertyPath: m_LocalRotation.y
      value: 0
      objectReference: {fileID: 0}
    - target: {fileID: 3059336027126470425, guid: db683e61e98b98e4990eaa96ee769581, type: 3}
      propertyPath: m_LocalRotation.z
      value: 0
      objectReference: {fileID: 0}
    - target: {fileID: 3059336027126470425, guid: db683e61e98b98e4990eaa96ee769581, type: 3}
      propertyPath: m_LocalEulerAnglesHint.x
      value: 90
      objectReference: {fileID: 0}
    - target: {fileID: 3059336027126470425, guid: db683e61e98b98e4990eaa96ee769581, type: 3}
      propertyPath: m_LocalEulerAnglesHint.y
      value: 0
      objectReference: {fileID: 0}
    - target: {fileID: 3059336027126470425, guid: db683e61e98b98e4990eaa96ee769581, type: 3}
      propertyPath: m_LocalEulerAnglesHint.z
      value: 0
      objectReference: {fileID: 0}
    - target: {fileID: 3263965214640160472, guid: db683e61e98b98e4990eaa96ee769581, type: 3}
      propertyPath: m_Name
      value: Obstacle (26)
      objectReference: {fileID: 0}
    m_RemovedComponents: []
  m_SourcePrefab: {fileID: 100100000, guid: db683e61e98b98e4990eaa96ee769581, type: 3}
--- !u!1001 &139786012
PrefabInstance:
  m_ObjectHideFlags: 0
  serializedVersion: 2
  m_Modification:
    m_TransformParent: {fileID: 1371138410}
    m_Modifications:
    - target: {fileID: 3059336027126470425, guid: db683e61e98b98e4990eaa96ee769581, type: 3}
      propertyPath: m_RootOrder
      value: 21
      objectReference: {fileID: 0}
    - target: {fileID: 3059336027126470425, guid: db683e61e98b98e4990eaa96ee769581, type: 3}
      propertyPath: m_LocalScale.x
      value: 1.35
      objectReference: {fileID: 0}
    - target: {fileID: 3059336027126470425, guid: db683e61e98b98e4990eaa96ee769581, type: 3}
      propertyPath: m_LocalScale.y
      value: 2.5238001
      objectReference: {fileID: 0}
    - target: {fileID: 3059336027126470425, guid: db683e61e98b98e4990eaa96ee769581, type: 3}
      propertyPath: m_LocalScale.z
      value: 11.77784
      objectReference: {fileID: 0}
    - target: {fileID: 3059336027126470425, guid: db683e61e98b98e4990eaa96ee769581, type: 3}
      propertyPath: m_LocalPosition.x
      value: -5.29
      objectReference: {fileID: 0}
    - target: {fileID: 3059336027126470425, guid: db683e61e98b98e4990eaa96ee769581, type: 3}
      propertyPath: m_LocalPosition.y
      value: -4.4
      objectReference: {fileID: 0}
    - target: {fileID: 3059336027126470425, guid: db683e61e98b98e4990eaa96ee769581, type: 3}
      propertyPath: m_LocalPosition.z
      value: 0.76
      objectReference: {fileID: 0}
    - target: {fileID: 3059336027126470425, guid: db683e61e98b98e4990eaa96ee769581, type: 3}
      propertyPath: m_LocalRotation.w
      value: 0.7071068
      objectReference: {fileID: 0}
    - target: {fileID: 3059336027126470425, guid: db683e61e98b98e4990eaa96ee769581, type: 3}
      propertyPath: m_LocalRotation.x
      value: 0.7071068
      objectReference: {fileID: 0}
    - target: {fileID: 3059336027126470425, guid: db683e61e98b98e4990eaa96ee769581, type: 3}
      propertyPath: m_LocalRotation.y
      value: 0
      objectReference: {fileID: 0}
    - target: {fileID: 3059336027126470425, guid: db683e61e98b98e4990eaa96ee769581, type: 3}
      propertyPath: m_LocalRotation.z
      value: 0
      objectReference: {fileID: 0}
    - target: {fileID: 3059336027126470425, guid: db683e61e98b98e4990eaa96ee769581, type: 3}
      propertyPath: m_LocalEulerAnglesHint.x
      value: 90
      objectReference: {fileID: 0}
    - target: {fileID: 3059336027126470425, guid: db683e61e98b98e4990eaa96ee769581, type: 3}
      propertyPath: m_LocalEulerAnglesHint.y
      value: 0
      objectReference: {fileID: 0}
    - target: {fileID: 3059336027126470425, guid: db683e61e98b98e4990eaa96ee769581, type: 3}
      propertyPath: m_LocalEulerAnglesHint.z
      value: 0
      objectReference: {fileID: 0}
    - target: {fileID: 3263965214640160472, guid: db683e61e98b98e4990eaa96ee769581, type: 3}
      propertyPath: m_Name
      value: Obstacle (24)
      objectReference: {fileID: 0}
    m_RemovedComponents: []
  m_SourcePrefab: {fileID: 100100000, guid: db683e61e98b98e4990eaa96ee769581, type: 3}
--- !u!1001 &247579333
PrefabInstance:
  m_ObjectHideFlags: 0
  serializedVersion: 2
  m_Modification:
    m_TransformParent: {fileID: 1371138410}
    m_Modifications:
    - target: {fileID: 3059336027126470425, guid: db683e61e98b98e4990eaa96ee769581, type: 3}
      propertyPath: m_RootOrder
      value: 24
      objectReference: {fileID: 0}
    - target: {fileID: 3059336027126470425, guid: db683e61e98b98e4990eaa96ee769581, type: 3}
      propertyPath: m_LocalScale.x
      value: 5.7347827
      objectReference: {fileID: 0}
    - target: {fileID: 3059336027126470425, guid: db683e61e98b98e4990eaa96ee769581, type: 3}
      propertyPath: m_LocalScale.y
      value: 1.16915
      objectReference: {fileID: 0}
    - target: {fileID: 3059336027126470425, guid: db683e61e98b98e4990eaa96ee769581, type: 3}
      propertyPath: m_LocalScale.z
      value: 45.32063
      objectReference: {fileID: 0}
    - target: {fileID: 3059336027126470425, guid: db683e61e98b98e4990eaa96ee769581, type: 3}
      propertyPath: m_LocalPosition.x
      value: -2.44
      objectReference: {fileID: 0}
    - target: {fileID: 3059336027126470425, guid: db683e61e98b98e4990eaa96ee769581, type: 3}
      propertyPath: m_LocalPosition.y
      value: 16.96
      objectReference: {fileID: 0}
    - target: {fileID: 3059336027126470425, guid: db683e61e98b98e4990eaa96ee769581, type: 3}
      propertyPath: m_LocalPosition.z
      value: 0.72
      objectReference: {fileID: 0}
    - target: {fileID: 3059336027126470425, guid: db683e61e98b98e4990eaa96ee769581, type: 3}
      propertyPath: m_LocalRotation.w
      value: 0.70483243
      objectReference: {fileID: 0}
    - target: {fileID: 3059336027126470425, guid: db683e61e98b98e4990eaa96ee769581, type: 3}
      propertyPath: m_LocalRotation.x
      value: 0
      objectReference: {fileID: 0}
    - target: {fileID: 3059336027126470425, guid: db683e61e98b98e4990eaa96ee769581, type: 3}
      propertyPath: m_LocalRotation.y
      value: 0.7093739
      objectReference: {fileID: 0}
    - target: {fileID: 3059336027126470425, guid: db683e61e98b98e4990eaa96ee769581, type: 3}
      propertyPath: m_LocalRotation.z
      value: 0
      objectReference: {fileID: 0}
    - target: {fileID: 3059336027126470425, guid: db683e61e98b98e4990eaa96ee769581, type: 3}
      propertyPath: m_LocalEulerAnglesHint.x
      value: 0
      objectReference: {fileID: 0}
    - target: {fileID: 3059336027126470425, guid: db683e61e98b98e4990eaa96ee769581, type: 3}
      propertyPath: m_LocalEulerAnglesHint.y
      value: 90.368
      objectReference: {fileID: 0}
    - target: {fileID: 3059336027126470425, guid: db683e61e98b98e4990eaa96ee769581, type: 3}
      propertyPath: m_LocalEulerAnglesHint.z
      value: 0
      objectReference: {fileID: 0}
    - target: {fileID: 3263965214640160472, guid: db683e61e98b98e4990eaa96ee769581, type: 3}
      propertyPath: m_Name
      value: Obstacle (19)
      objectReference: {fileID: 0}
    m_RemovedComponents: []
  m_SourcePrefab: {fileID: 100100000, guid: db683e61e98b98e4990eaa96ee769581, type: 3}
--- !u!1001 &265368329
PrefabInstance:
  m_ObjectHideFlags: 0
  serializedVersion: 2
  m_Modification:
    m_TransformParent: {fileID: 1371138410}
    m_Modifications:
    - target: {fileID: 3059336027126470425, guid: db683e61e98b98e4990eaa96ee769581, type: 3}
      propertyPath: m_RootOrder
      value: 18
      objectReference: {fileID: 0}
    - target: {fileID: 3059336027126470425, guid: db683e61e98b98e4990eaa96ee769581, type: 3}
      propertyPath: m_LocalScale.x
      value: 1.35
      objectReference: {fileID: 0}
    - target: {fileID: 3059336027126470425, guid: db683e61e98b98e4990eaa96ee769581, type: 3}
      propertyPath: m_LocalScale.y
      value: 2.5238001
      objectReference: {fileID: 0}
    - target: {fileID: 3059336027126470425, guid: db683e61e98b98e4990eaa96ee769581, type: 3}
      propertyPath: m_LocalScale.z
      value: 7.53664
      objectReference: {fileID: 0}
    - target: {fileID: 3059336027126470425, guid: db683e61e98b98e4990eaa96ee769581, type: 3}
      propertyPath: m_LocalPosition.x
      value: -5.29
      objectReference: {fileID: 0}
    - target: {fileID: 3059336027126470425, guid: db683e61e98b98e4990eaa96ee769581, type: 3}
      propertyPath: m_LocalPosition.y
      value: 8.2294
      objectReference: {fileID: 0}
    - target: {fileID: 3059336027126470425, guid: db683e61e98b98e4990eaa96ee769581, type: 3}
      propertyPath: m_LocalPosition.z
      value: 0.76
      objectReference: {fileID: 0}
    - target: {fileID: 3059336027126470425, guid: db683e61e98b98e4990eaa96ee769581, type: 3}
      propertyPath: m_LocalRotation.w
      value: 0.7071068
      objectReference: {fileID: 0}
    - target: {fileID: 3059336027126470425, guid: db683e61e98b98e4990eaa96ee769581, type: 3}
      propertyPath: m_LocalRotation.x
      value: 0.7071068
      objectReference: {fileID: 0}
    - target: {fileID: 3059336027126470425, guid: db683e61e98b98e4990eaa96ee769581, type: 3}
      propertyPath: m_LocalRotation.y
      value: 0
      objectReference: {fileID: 0}
    - target: {fileID: 3059336027126470425, guid: db683e61e98b98e4990eaa96ee769581, type: 3}
      propertyPath: m_LocalRotation.z
      value: 0
      objectReference: {fileID: 0}
    - target: {fileID: 3059336027126470425, guid: db683e61e98b98e4990eaa96ee769581, type: 3}
      propertyPath: m_LocalEulerAnglesHint.x
      value: 90
      objectReference: {fileID: 0}
    - target: {fileID: 3059336027126470425, guid: db683e61e98b98e4990eaa96ee769581, type: 3}
      propertyPath: m_LocalEulerAnglesHint.y
      value: 0
      objectReference: {fileID: 0}
    - target: {fileID: 3059336027126470425, guid: db683e61e98b98e4990eaa96ee769581, type: 3}
      propertyPath: m_LocalEulerAnglesHint.z
      value: 0
      objectReference: {fileID: 0}
    - target: {fileID: 3263965214640160472, guid: db683e61e98b98e4990eaa96ee769581, type: 3}
      propertyPath: m_Name
      value: Obstacle (21)
      objectReference: {fileID: 0}
    m_RemovedComponents: []
  m_SourcePrefab: {fileID: 100100000, guid: db683e61e98b98e4990eaa96ee769581, type: 3}
--- !u!4 &321943784 stripped
Transform:
  m_CorrespondingSourceObject: {fileID: 3059336027126470425, guid: db683e61e98b98e4990eaa96ee769581, type: 3}
  m_PrefabInstance: {fileID: 1231413717}
  m_PrefabAsset: {fileID: 0}
--- !u!4 &325535663 stripped
Transform:
  m_CorrespondingSourceObject: {fileID: 3059336027126470425, guid: db683e61e98b98e4990eaa96ee769581, type: 3}
  m_PrefabInstance: {fileID: 1937582509}
  m_PrefabAsset: {fileID: 0}
--- !u!1001 &381611017
PrefabInstance:
  m_ObjectHideFlags: 0
  serializedVersion: 2
  m_Modification:
    m_TransformParent: {fileID: 1371138410}
    m_Modifications:
    - target: {fileID: 3059336027126470425, guid: db683e61e98b98e4990eaa96ee769581, type: 3}
      propertyPath: m_RootOrder
      value: 7
      objectReference: {fileID: 0}
    - target: {fileID: 3059336027126470425, guid: db683e61e98b98e4990eaa96ee769581, type: 3}
      propertyPath: m_LocalScale.x
      value: 1.8555899
      objectReference: {fileID: 0}
    - target: {fileID: 3059336027126470425, guid: db683e61e98b98e4990eaa96ee769581, type: 3}
      propertyPath: m_LocalPosition.x
      value: 0.05
      objectReference: {fileID: 0}
    - target: {fileID: 3059336027126470425, guid: db683e61e98b98e4990eaa96ee769581, type: 3}
      propertyPath: m_LocalPosition.y
      value: -1.74
      objectReference: {fileID: 0}
    - target: {fileID: 3059336027126470425, guid: db683e61e98b98e4990eaa96ee769581, type: 3}
      propertyPath: m_LocalPosition.z
      value: -1.95
      objectReference: {fileID: 0}
    - target: {fileID: 3059336027126470425, guid: db683e61e98b98e4990eaa96ee769581, type: 3}
      propertyPath: m_LocalRotation.w
      value: 0.6798267
      objectReference: {fileID: 0}
    - target: {fileID: 3059336027126470425, guid: db683e61e98b98e4990eaa96ee769581, type: 3}
      propertyPath: m_LocalRotation.x
      value: 0.020935379
      objectReference: {fileID: 0}
    - target: {fileID: 3059336027126470425, guid: db683e61e98b98e4990eaa96ee769581, type: 3}
      propertyPath: m_LocalRotation.y
      value: -0.72861004
      objectReference: {fileID: 0}
    - target: {fileID: 3059336027126470425, guid: db683e61e98b98e4990eaa96ee769581, type: 3}
      propertyPath: m_LocalRotation.z
      value: -0.08077684
      objectReference: {fileID: 0}
    - target: {fileID: 3059336027126470425, guid: db683e61e98b98e4990eaa96ee769581, type: 3}
      propertyPath: m_LocalEulerAnglesHint.x
      value: -5.12
      objectReference: {fileID: 0}
    - target: {fileID: 3059336027126470425, guid: db683e61e98b98e4990eaa96ee769581, type: 3}
      propertyPath: m_LocalEulerAnglesHint.y
      value: -93.605
      objectReference: {fileID: 0}
    - target: {fileID: 3059336027126470425, guid: db683e61e98b98e4990eaa96ee769581, type: 3}
      propertyPath: m_LocalEulerAnglesHint.z
      value: -8.1
      objectReference: {fileID: 0}
    - target: {fileID: 3263965214640160472, guid: db683e61e98b98e4990eaa96ee769581, type: 3}
      propertyPath: m_Name
      value: Obstacle (8)
      objectReference: {fileID: 0}
    m_RemovedComponents: []
  m_SourcePrefab: {fileID: 100100000, guid: db683e61e98b98e4990eaa96ee769581, type: 3}
--- !u!4 &480799931 stripped
Transform:
  m_CorrespondingSourceObject: {fileID: 3059336027126470425, guid: db683e61e98b98e4990eaa96ee769581, type: 3}
  m_PrefabInstance: {fileID: 1595393027}
  m_PrefabAsset: {fileID: 0}
--- !u!1001 &624476977
PrefabInstance:
  m_ObjectHideFlags: 0
  serializedVersion: 2
  m_Modification:
    m_TransformParent: {fileID: 1371138410}
    m_Modifications:
    - target: {fileID: 3059336027126470425, guid: db683e61e98b98e4990eaa96ee769581, type: 3}
      propertyPath: m_RootOrder
      value: 22
      objectReference: {fileID: 0}
    - target: {fileID: 3059336027126470425, guid: db683e61e98b98e4990eaa96ee769581, type: 3}
      propertyPath: m_LocalScale.x
      value: 1.35
      objectReference: {fileID: 0}
    - target: {fileID: 3059336027126470425, guid: db683e61e98b98e4990eaa96ee769581, type: 3}
      propertyPath: m_LocalScale.y
      value: 2.5238001
      objectReference: {fileID: 0}
    - target: {fileID: 3059336027126470425, guid: db683e61e98b98e4990eaa96ee769581, type: 3}
      propertyPath: m_LocalScale.z
      value: 11.77784
      objectReference: {fileID: 0}
    - target: {fileID: 3059336027126470425, guid: db683e61e98b98e4990eaa96ee769581, type: 3}
      propertyPath: m_LocalPosition.x
      value: 0.61
      objectReference: {fileID: 0}
    - target: {fileID: 3059336027126470425, guid: db683e61e98b98e4990eaa96ee769581, type: 3}
      propertyPath: m_LocalPosition.y
      value: -3.41
      objectReference: {fileID: 0}
    - target: {fileID: 3059336027126470425, guid: db683e61e98b98e4990eaa96ee769581, type: 3}
      propertyPath: m_LocalPosition.z
      value: 0.8
      objectReference: {fileID: 0}
    - target: {fileID: 3059336027126470425, guid: db683e61e98b98e4990eaa96ee769581, type: 3}
      propertyPath: m_LocalRotation.w
      value: 0.7071068
      objectReference: {fileID: 0}
    - target: {fileID: 3059336027126470425, guid: db683e61e98b98e4990eaa96ee769581, type: 3}
      propertyPath: m_LocalRotation.x
      value: 0.7071068
      objectReference: {fileID: 0}
    - target: {fileID: 3059336027126470425, guid: db683e61e98b98e4990eaa96ee769581, type: 3}
      propertyPath: m_LocalRotation.y
      value: 0
      objectReference: {fileID: 0}
    - target: {fileID: 3059336027126470425, guid: db683e61e98b98e4990eaa96ee769581, type: 3}
      propertyPath: m_LocalRotation.z
      value: 0
      objectReference: {fileID: 0}
    - target: {fileID: 3059336027126470425, guid: db683e61e98b98e4990eaa96ee769581, type: 3}
      propertyPath: m_LocalEulerAnglesHint.x
      value: 90
      objectReference: {fileID: 0}
    - target: {fileID: 3059336027126470425, guid: db683e61e98b98e4990eaa96ee769581, type: 3}
      propertyPath: m_LocalEulerAnglesHint.y
      value: 0
      objectReference: {fileID: 0}
    - target: {fileID: 3059336027126470425, guid: db683e61e98b98e4990eaa96ee769581, type: 3}
      propertyPath: m_LocalEulerAnglesHint.z
      value: 0
      objectReference: {fileID: 0}
    - target: {fileID: 3263965214640160472, guid: db683e61e98b98e4990eaa96ee769581, type: 3}
      propertyPath: m_Name
      value: Obstacle (25)
      objectReference: {fileID: 0}
    m_RemovedComponents: []
  m_SourcePrefab: {fileID: 100100000, guid: db683e61e98b98e4990eaa96ee769581, type: 3}
--- !u!1 &670008009
GameObject:
  m_ObjectHideFlags: 0
  m_CorrespondingSourceObject: {fileID: 0}
  m_PrefabInstance: {fileID: 0}
  m_PrefabAsset: {fileID: 0}
  serializedVersion: 6
  m_Component:
  - component: {fileID: 670008011}
  - component: {fileID: 670008010}
  m_Layer: 0
  m_Name: Point Light (2)
  m_TagString: Untagged
  m_Icon: {fileID: 0}
  m_NavMeshLayer: 0
  m_StaticEditorFlags: 0
  m_IsActive: 1
--- !u!108 &670008010
Light:
  m_ObjectHideFlags: 0
  m_CorrespondingSourceObject: {fileID: 0}
  m_PrefabInstance: {fileID: 0}
  m_PrefabAsset: {fileID: 0}
  m_GameObject: {fileID: 670008009}
  m_Enabled: 1
  serializedVersion: 10
  m_Type: 2
  m_Shape: 0
  m_Color: {r: 0.36862746, g: 0.59607846, b: 0.59378046, a: 1}
  m_Intensity: 3
  m_Range: 7
  m_SpotAngle: 30
  m_InnerSpotAngle: 21.80208
  m_CookieSize: 10
  m_Shadows:
    m_Type: 0
    m_Resolution: -1
    m_CustomResolution: -1
    m_Strength: 1
    m_Bias: 0.05
    m_NormalBias: 0.4
    m_NearPlane: 0.2
    m_CullingMatrixOverride:
      e00: 1
      e01: 0
      e02: 0
      e03: 0
      e10: 0
      e11: 1
      e12: 0
      e13: 0
      e20: 0
      e21: 0
      e22: 1
      e23: 0
      e30: 0
      e31: 0
      e32: 0
      e33: 1
    m_UseCullingMatrixOverride: 0
  m_Cookie: {fileID: 0}
  m_DrawHalo: 0
  m_Flare: {fileID: 0}
  m_RenderMode: 0
  m_CullingMask:
    serializedVersion: 2
    m_Bits: 4294967295
  m_RenderingLayerMask: 1
  m_Lightmapping: 4
  m_LightShadowCasterMode: 0
  m_AreaSize: {x: 1, y: 1}
  m_BounceIntensity: 1
  m_ColorTemperature: 6570
  m_UseColorTemperature: 0
  m_BoundingSphereOverride: {x: 0, y: 0, z: 0, w: 0}
  m_UseBoundingSphereOverride: 0
  m_UseViewFrustumForShadowCasterCull: 1
  m_ShadowRadius: 0
  m_ShadowAngle: 0
--- !u!4 &670008011
Transform:
  m_ObjectHideFlags: 0
  m_CorrespondingSourceObject: {fileID: 0}
  m_PrefabInstance: {fileID: 0}
  m_PrefabAsset: {fileID: 0}
  m_GameObject: {fileID: 670008009}
  m_LocalRotation: {x: 0, y: 0, z: 0, w: 1}
  m_LocalPosition: {x: 1.98, y: 16.11, z: -1.17}
  m_LocalScale: {x: 1, y: 1, z: 1}
  m_ConstrainProportionsScale: 0
  m_Children: []
  m_Father: {fileID: 0}
  m_RootOrder: 9
  m_LocalEulerAnglesHint: {x: 0, y: 0, z: 0}
--- !u!1001 &677297828
PrefabInstance:
  m_ObjectHideFlags: 0
  serializedVersion: 2
  m_Modification:
    m_TransformParent: {fileID: 1371138410}
    m_Modifications:
    - target: {fileID: 3059336027126470425, guid: db683e61e98b98e4990eaa96ee769581, type: 3}
      propertyPath: m_RootOrder
      value: 10
      objectReference: {fileID: 0}
    - target: {fileID: 3059336027126470425, guid: db683e61e98b98e4990eaa96ee769581, type: 3}
      propertyPath: m_LocalScale.z
      value: 45.399757
      objectReference: {fileID: 0}
    - target: {fileID: 3059336027126470425, guid: db683e61e98b98e4990eaa96ee769581, type: 3}
      propertyPath: m_LocalPosition.x
      value: 8.41
      objectReference: {fileID: 0}
    - target: {fileID: 3059336027126470425, guid: db683e61e98b98e4990eaa96ee769581, type: 3}
      propertyPath: m_LocalPosition.y
      value: -0.23
      objectReference: {fileID: 0}
    - target: {fileID: 3059336027126470425, guid: db683e61e98b98e4990eaa96ee769581, type: 3}
      propertyPath: m_LocalPosition.z
      value: 8.13
      objectReference: {fileID: 0}
    - target: {fileID: 3059336027126470425, guid: db683e61e98b98e4990eaa96ee769581, type: 3}
      propertyPath: m_LocalRotation.w
      value: 0.5391517
      objectReference: {fileID: 0}
    - target: {fileID: 3059336027126470425, guid: db683e61e98b98e4990eaa96ee769581, type: 3}
      propertyPath: m_LocalRotation.x
      value: -0.43535784
      objectReference: {fileID: 0}
    - target: {fileID: 3059336027126470425, guid: db683e61e98b98e4990eaa96ee769581, type: 3}
      propertyPath: m_LocalRotation.y
      value: 0.5520554
      objectReference: {fileID: 0}
    - target: {fileID: 3059336027126470425, guid: db683e61e98b98e4990eaa96ee769581, type: 3}
      propertyPath: m_LocalRotation.z
      value: -0.4636958
      objectReference: {fileID: 0}
    - target: {fileID: 3059336027126470425, guid: db683e61e98b98e4990eaa96ee769581, type: 3}
      propertyPath: m_LocalEulerAnglesHint.x
      value: 2.437
      objectReference: {fileID: 0}
    - target: {fileID: 3059336027126470425, guid: db683e61e98b98e4990eaa96ee769581, type: 3}
      propertyPath: m_LocalEulerAnglesHint.y
      value: 89.346
      objectReference: {fileID: 0}
    - target: {fileID: 3059336027126470425, guid: db683e61e98b98e4990eaa96ee769581, type: 3}
      propertyPath: m_LocalEulerAnglesHint.z
      value: -78.985
      objectReference: {fileID: 0}
    - target: {fileID: 3263965214640160472, guid: db683e61e98b98e4990eaa96ee769581, type: 3}
      propertyPath: m_Name
      value: Obstacle (11)
      objectReference: {fileID: 0}
    - target: {fileID: 3667006767788941088, guid: db683e61e98b98e4990eaa96ee769581, type: 3}
      propertyPath: m_Materials.Array.data[0]
      value: 
      objectReference: {fileID: 2100000, guid: 370f72b4b7d83474ea5872e63a89aab8, type: 2}
    m_RemovedComponents: []
  m_SourcePrefab: {fileID: 100100000, guid: db683e61e98b98e4990eaa96ee769581, type: 3}
--- !u!1001 &687640682
PrefabInstance:
  m_ObjectHideFlags: 0
  serializedVersion: 2
  m_Modification:
    m_TransformParent: {fileID: 1371138410}
    m_Modifications:
    - target: {fileID: 3059336027126470425, guid: db683e61e98b98e4990eaa96ee769581, type: 3}
      propertyPath: m_RootOrder
      value: 19
      objectReference: {fileID: 0}
    - target: {fileID: 3059336027126470425, guid: db683e61e98b98e4990eaa96ee769581, type: 3}
      propertyPath: m_LocalScale.x
      value: 1.35
      objectReference: {fileID: 0}
    - target: {fileID: 3059336027126470425, guid: db683e61e98b98e4990eaa96ee769581, type: 3}
      propertyPath: m_LocalScale.y
      value: 2.5238001
      objectReference: {fileID: 0}
    - target: {fileID: 3059336027126470425, guid: db683e61e98b98e4990eaa96ee769581, type: 3}
      propertyPath: m_LocalScale.z
      value: 5.468451
      objectReference: {fileID: 0}
    - target: {fileID: 3059336027126470425, guid: db683e61e98b98e4990eaa96ee769581, type: 3}
      propertyPath: m_LocalPosition.x
      value: 0.46
      objectReference: {fileID: 0}
    - target: {fileID: 3059336027126470425, guid: db683e61e98b98e4990eaa96ee769581, type: 3}
      propertyPath: m_LocalPosition.y
      value: 8.7851
      objectReference: {fileID: 0}
    - target: {fileID: 3059336027126470425, guid: db683e61e98b98e4990eaa96ee769581, type: 3}
      propertyPath: m_LocalPosition.z
      value: 0.69
      objectReference: {fileID: 0}
    - target: {fileID: 3059336027126470425, guid: db683e61e98b98e4990eaa96ee769581, type: 3}
      propertyPath: m_LocalRotation.w
      value: 0.7071068
      objectReference: {fileID: 0}
    - target: {fileID: 3059336027126470425, guid: db683e61e98b98e4990eaa96ee769581, type: 3}
      propertyPath: m_LocalRotation.x
      value: 0.7071068
      objectReference: {fileID: 0}
    - target: {fileID: 3059336027126470425, guid: db683e61e98b98e4990eaa96ee769581, type: 3}
      propertyPath: m_LocalRotation.y
      value: 0
      objectReference: {fileID: 0}
    - target: {fileID: 3059336027126470425, guid: db683e61e98b98e4990eaa96ee769581, type: 3}
      propertyPath: m_LocalRotation.z
      value: 0
      objectReference: {fileID: 0}
    - target: {fileID: 3059336027126470425, guid: db683e61e98b98e4990eaa96ee769581, type: 3}
      propertyPath: m_LocalEulerAnglesHint.x
      value: 90
      objectReference: {fileID: 0}
    - target: {fileID: 3059336027126470425, guid: db683e61e98b98e4990eaa96ee769581, type: 3}
      propertyPath: m_LocalEulerAnglesHint.y
      value: 0
      objectReference: {fileID: 0}
    - target: {fileID: 3059336027126470425, guid: db683e61e98b98e4990eaa96ee769581, type: 3}
      propertyPath: m_LocalEulerAnglesHint.z
      value: 0
      objectReference: {fileID: 0}
    - target: {fileID: 3263965214640160472, guid: db683e61e98b98e4990eaa96ee769581, type: 3}
      propertyPath: m_Name
      value: Obstacle (22)
      objectReference: {fileID: 0}
    m_RemovedComponents: []
  m_SourcePrefab: {fileID: 100100000, guid: db683e61e98b98e4990eaa96ee769581, type: 3}
--- !u!4 &694038668 stripped
Transform:
  m_CorrespondingSourceObject: {fileID: 3059336027126470425, guid: db683e61e98b98e4990eaa96ee769581, type: 3}
  m_PrefabInstance: {fileID: 707723489}
  m_PrefabAsset: {fileID: 0}
--- !u!1 &705507993
GameObject:
  m_ObjectHideFlags: 0
  m_CorrespondingSourceObject: {fileID: 0}
  m_PrefabInstance: {fileID: 0}
  m_PrefabAsset: {fileID: 0}
  serializedVersion: 6
  m_Component:
  - component: {fileID: 705507995}
  - component: {fileID: 705507994}
  m_Layer: 0
  m_Name: Directional Light
  m_TagString: Untagged
  m_Icon: {fileID: 0}
  m_NavMeshLayer: 0
  m_StaticEditorFlags: 0
  m_IsActive: 1
--- !u!108 &705507994
Light:
  m_ObjectHideFlags: 0
  m_CorrespondingSourceObject: {fileID: 0}
  m_PrefabInstance: {fileID: 0}
  m_PrefabAsset: {fileID: 0}
  m_GameObject: {fileID: 705507993}
  m_Enabled: 1
  serializedVersion: 10
  m_Type: 1
  m_Shape: 0
  m_Color: {r: 1, g: 0.95686275, b: 0.8392157, a: 1}
  m_Intensity: 0.58
  m_Range: 10
  m_SpotAngle: 30
  m_InnerSpotAngle: 21.80208
  m_CookieSize: 10
  m_Shadows:
    m_Type: 2
    m_Resolution: -1
    m_CustomResolution: -1
    m_Strength: 1
    m_Bias: 0.05
    m_NormalBias: 0.4
    m_NearPlane: 0.2
    m_CullingMatrixOverride:
      e00: 1
      e01: 0
      e02: 0
      e03: 0
      e10: 0
      e11: 1
      e12: 0
      e13: 0
      e20: 0
      e21: 0
      e22: 1
      e23: 0
      e30: 0
      e31: 0
      e32: 0
      e33: 1
    m_UseCullingMatrixOverride: 0
  m_Cookie: {fileID: 0}
  m_DrawHalo: 0
  m_Flare: {fileID: 0}
  m_RenderMode: 0
  m_CullingMask:
    serializedVersion: 2
    m_Bits: 4294967295
  m_RenderingLayerMask: 1
  m_Lightmapping: 1
  m_LightShadowCasterMode: 0
  m_AreaSize: {x: 1, y: 1}
  m_BounceIntensity: 1
  m_ColorTemperature: 6570
  m_UseColorTemperature: 0
  m_BoundingSphereOverride: {x: 0, y: 0, z: 0, w: 0}
  m_UseBoundingSphereOverride: 0
  m_UseViewFrustumForShadowCasterCull: 1
  m_ShadowRadius: 0
  m_ShadowAngle: 0
--- !u!4 &705507995
Transform:
  m_ObjectHideFlags: 0
  m_CorrespondingSourceObject: {fileID: 0}
  m_PrefabInstance: {fileID: 0}
  m_PrefabAsset: {fileID: 0}
  m_GameObject: {fileID: 705507993}
  m_LocalRotation: {x: 0.40821788, y: -0.23456968, z: 0.10938163, w: 0.8754261}
  m_LocalPosition: {x: 0, y: 3, z: 0}
  m_LocalScale: {x: 1, y: 1, z: 1}
  m_ConstrainProportionsScale: 0
  m_Children: []
  m_Father: {fileID: 0}
  m_RootOrder: 1
  m_LocalEulerAnglesHint: {x: 50, y: -30, z: 0}
--- !u!1001 &707723489
PrefabInstance:
  m_ObjectHideFlags: 0
  serializedVersion: 2
  m_Modification:
    m_TransformParent: {fileID: 1371138410}
    m_Modifications:
    - target: {fileID: 3059336027126470425, guid: db683e61e98b98e4990eaa96ee769581, type: 3}
      propertyPath: m_RootOrder
      value: 5
      objectReference: {fileID: 0}
    - target: {fileID: 3059336027126470425, guid: db683e61e98b98e4990eaa96ee769581, type: 3}
      propertyPath: m_LocalScale.x
      value: 5.7347827
      objectReference: {fileID: 0}
    - target: {fileID: 3059336027126470425, guid: db683e61e98b98e4990eaa96ee769581, type: 3}
      propertyPath: m_LocalScale.y
      value: 1.16915
      objectReference: {fileID: 0}
    - target: {fileID: 3059336027126470425, guid: db683e61e98b98e4990eaa96ee769581, type: 3}
      propertyPath: m_LocalScale.z
      value: 45.32063
      objectReference: {fileID: 0}
    - target: {fileID: 3059336027126470425, guid: db683e61e98b98e4990eaa96ee769581, type: 3}
      propertyPath: m_LocalPosition.x
      value: -11.7104
      objectReference: {fileID: 0}
    - target: {fileID: 3059336027126470425, guid: db683e61e98b98e4990eaa96ee769581, type: 3}
      propertyPath: m_LocalPosition.y
      value: 8.33
      objectReference: {fileID: 0}
    - target: {fileID: 3059336027126470425, guid: db683e61e98b98e4990eaa96ee769581, type: 3}
      propertyPath: m_LocalPosition.z
      value: 0.7832
      objectReference: {fileID: 0}
    - target: {fileID: 3059336027126470425, guid: db683e61e98b98e4990eaa96ee769581, type: 3}
      propertyPath: m_LocalRotation.w
      value: 0.70483243
      objectReference: {fileID: 0}
    - target: {fileID: 3059336027126470425, guid: db683e61e98b98e4990eaa96ee769581, type: 3}
      propertyPath: m_LocalRotation.x
      value: 0
      objectReference: {fileID: 0}
    - target: {fileID: 3059336027126470425, guid: db683e61e98b98e4990eaa96ee769581, type: 3}
      propertyPath: m_LocalRotation.y
      value: 0.7093739
      objectReference: {fileID: 0}
    - target: {fileID: 3059336027126470425, guid: db683e61e98b98e4990eaa96ee769581, type: 3}
      propertyPath: m_LocalRotation.z
      value: 0
      objectReference: {fileID: 0}
    - target: {fileID: 3059336027126470425, guid: db683e61e98b98e4990eaa96ee769581, type: 3}
      propertyPath: m_LocalEulerAnglesHint.x
      value: 0
      objectReference: {fileID: 0}
    - target: {fileID: 3059336027126470425, guid: db683e61e98b98e4990eaa96ee769581, type: 3}
      propertyPath: m_LocalEulerAnglesHint.y
      value: 90.368
      objectReference: {fileID: 0}
    - target: {fileID: 3059336027126470425, guid: db683e61e98b98e4990eaa96ee769581, type: 3}
      propertyPath: m_LocalEulerAnglesHint.z
      value: 0
      objectReference: {fileID: 0}
    - target: {fileID: 3263965214640160472, guid: db683e61e98b98e4990eaa96ee769581, type: 3}
      propertyPath: m_Name
      value: Obstacle (6)
      objectReference: {fileID: 0}
    m_RemovedComponents: []
  m_SourcePrefab: {fileID: 100100000, guid: db683e61e98b98e4990eaa96ee769581, type: 3}
--- !u!1 &963194225
GameObject:
  m_ObjectHideFlags: 0
  m_CorrespondingSourceObject: {fileID: 0}
  m_PrefabInstance: {fileID: 0}
  m_PrefabAsset: {fileID: 0}
  serializedVersion: 6
  m_Component:
  - component: {fileID: 963194228}
  - component: {fileID: 963194227}
  - component: {fileID: 963194226}
  m_Layer: 0
  m_Name: Main Camera
  m_TagString: MainCamera
  m_Icon: {fileID: 0}
  m_NavMeshLayer: 0
  m_StaticEditorFlags: 0
  m_IsActive: 1
--- !u!81 &963194226
AudioListener:
  m_ObjectHideFlags: 0
  m_CorrespondingSourceObject: {fileID: 0}
  m_PrefabInstance: {fileID: 0}
  m_PrefabAsset: {fileID: 0}
  m_GameObject: {fileID: 963194225}
  m_Enabled: 1
--- !u!20 &963194227
Camera:
  m_ObjectHideFlags: 0
  m_CorrespondingSourceObject: {fileID: 0}
  m_PrefabInstance: {fileID: 0}
  m_PrefabAsset: {fileID: 0}
  m_GameObject: {fileID: 963194225}
  m_Enabled: 1
  serializedVersion: 2
  m_ClearFlags: 2
  m_BackGroundColor: {r: 0, g: 0, b: 0, a: 0}
  m_projectionMatrixMode: 1
  m_GateFitMode: 2
  m_FOVAxisMode: 0
  m_SensorSize: {x: 36, y: 24}
  m_LensShift: {x: 0, y: 0}
  m_FocalLength: 50
  m_NormalizedViewPortRect:
    serializedVersion: 2
    x: 0
    y: 0
    width: 1
    height: 1
  near clip plane: 0.3
  far clip plane: 1000
  field of view: 60
  orthographic: 0
  orthographic size: 5
  m_Depth: -1
  m_CullingMask:
    serializedVersion: 2
    m_Bits: 4294967295
  m_RenderingPath: -1
  m_TargetTexture: {fileID: 0}
  m_TargetDisplay: 0
  m_TargetEye: 3
  m_HDR: 1
  m_AllowMSAA: 1
  m_AllowDynamicResolution: 0
  m_ForceIntoRT: 0
  m_OcclusionCulling: 1
  m_StereoConvergence: 10
  m_StereoSeparation: 0.022
--- !u!4 &963194228
Transform:
  m_ObjectHideFlags: 0
  m_CorrespondingSourceObject: {fileID: 0}
  m_PrefabInstance: {fileID: 0}
  m_PrefabAsset: {fileID: 0}
  m_GameObject: {fileID: 963194225}
  m_LocalRotation: {x: 0.13485095, y: 0, z: 0, w: 0.9908659}
  m_LocalPosition: {x: 1, y: 12.29, z: -19.64}
  m_LocalScale: {x: 1, y: 1, z: 1}
  m_ConstrainProportionsScale: 0
  m_Children: []
  m_Father: {fileID: 0}
  m_RootOrder: 0
  m_LocalEulerAnglesHint: {x: 15.5, y: 0, z: 0}
--- !u!4 &965334504 stripped
Transform:
  m_CorrespondingSourceObject: {fileID: 3059336027126470425, guid: db683e61e98b98e4990eaa96ee769581, type: 3}
  m_PrefabInstance: {fileID: 624476977}
  m_PrefabAsset: {fileID: 0}
--- !u!4 &1125797950 stripped
Transform:
  m_CorrespondingSourceObject: {fileID: 3059336027126470425, guid: db683e61e98b98e4990eaa96ee769581, type: 3}
  m_PrefabInstance: {fileID: 34544845}
  m_PrefabAsset: {fileID: 0}
--- !u!4 &1187705390 stripped
Transform:
  m_CorrespondingSourceObject: {fileID: 3059336027126470425, guid: db683e61e98b98e4990eaa96ee769581, type: 3}
  m_PrefabInstance: {fileID: 1494586148}
  m_PrefabAsset: {fileID: 0}
--- !u!1001 &1231413717
PrefabInstance:
  m_ObjectHideFlags: 0
  serializedVersion: 2
  m_Modification:
    m_TransformParent: {fileID: 1371138410}
    m_Modifications:
    - target: {fileID: 3059336027126470425, guid: db683e61e98b98e4990eaa96ee769581, type: 3}
      propertyPath: m_RootOrder
      value: 27
      objectReference: {fileID: 0}
    - target: {fileID: 3059336027126470425, guid: db683e61e98b98e4990eaa96ee769581, type: 3}
      propertyPath: m_LocalScale.x
      value: 1.35
      objectReference: {fileID: 0}
    - target: {fileID: 3059336027126470425, guid: db683e61e98b98e4990eaa96ee769581, type: 3}
      propertyPath: m_LocalScale.y
      value: 2.5238001
      objectReference: {fileID: 0}
    - target: {fileID: 3059336027126470425, guid: db683e61e98b98e4990eaa96ee769581, type: 3}
      propertyPath: m_LocalScale.z
      value: 4.0456877
      objectReference: {fileID: 0}
    - target: {fileID: 3059336027126470425, guid: db683e61e98b98e4990eaa96ee769581, type: 3}
      propertyPath: m_LocalPosition.x
      value: 0.49
      objectReference: {fileID: 0}
    - target: {fileID: 3059336027126470425, guid: db683e61e98b98e4990eaa96ee769581, type: 3}
      propertyPath: m_LocalPosition.y
      value: 16.94
      objectReference: {fileID: 0}
    - target: {fileID: 3059336027126470425, guid: db683e61e98b98e4990eaa96ee769581, type: 3}
      propertyPath: m_LocalPosition.z
      value: 0.61
      objectReference: {fileID: 0}
    - target: {fileID: 3059336027126470425, guid: db683e61e98b98e4990eaa96ee769581, type: 3}
      propertyPath: m_LocalRotation.w
      value: 0.7071068
      objectReference: {fileID: 0}
    - target: {fileID: 3059336027126470425, guid: db683e61e98b98e4990eaa96ee769581, type: 3}
      propertyPath: m_LocalRotation.x
      value: 0.7071068
      objectReference: {fileID: 0}
    - target: {fileID: 3059336027126470425, guid: db683e61e98b98e4990eaa96ee769581, type: 3}
      propertyPath: m_LocalRotation.y
      value: 0
      objectReference: {fileID: 0}
    - target: {fileID: 3059336027126470425, guid: db683e61e98b98e4990eaa96ee769581, type: 3}
      propertyPath: m_LocalRotation.z
      value: 0
      objectReference: {fileID: 0}
    - target: {fileID: 3059336027126470425, guid: db683e61e98b98e4990eaa96ee769581, type: 3}
      propertyPath: m_LocalEulerAnglesHint.x
      value: 90
      objectReference: {fileID: 0}
    - target: {fileID: 3059336027126470425, guid: db683e61e98b98e4990eaa96ee769581, type: 3}
      propertyPath: m_LocalEulerAnglesHint.y
      value: 0
      objectReference: {fileID: 0}
    - target: {fileID: 3059336027126470425, guid: db683e61e98b98e4990eaa96ee769581, type: 3}
      propertyPath: m_LocalEulerAnglesHint.z
      value: 0
      objectReference: {fileID: 0}
    - target: {fileID: 3263965214640160472, guid: db683e61e98b98e4990eaa96ee769581, type: 3}
      propertyPath: m_Name
      value: Obstacle (29)
      objectReference: {fileID: 0}
    m_RemovedComponents: []
  m_SourcePrefab: {fileID: 100100000, guid: db683e61e98b98e4990eaa96ee769581, type: 3}
--- !u!4 &1241900085 stripped
Transform:
  m_CorrespondingSourceObject: {fileID: 3059336027126470425, guid: db683e61e98b98e4990eaa96ee769581, type: 3}
  m_PrefabInstance: {fileID: 1977859791}
  m_PrefabAsset: {fileID: 0}
--- !u!4 &1271196219 stripped
Transform:
  m_CorrespondingSourceObject: {fileID: 3059336027126470425, guid: db683e61e98b98e4990eaa96ee769581, type: 3}
  m_PrefabInstance: {fileID: 1271450596}
  m_PrefabAsset: {fileID: 0}
--- !u!1001 &1271450596
PrefabInstance:
  m_ObjectHideFlags: 0
  serializedVersion: 2
  m_Modification:
    m_TransformParent: {fileID: 1371138410}
    m_Modifications:
    - target: {fileID: 3059336027126470425, guid: db683e61e98b98e4990eaa96ee769581, type: 3}
      propertyPath: m_RootOrder
      value: 6
      objectReference: {fileID: 0}
    - target: {fileID: 3059336027126470425, guid: db683e61e98b98e4990eaa96ee769581, type: 3}
      propertyPath: m_LocalScale.x
      value: 1.8555899
      objectReference: {fileID: 0}
    - target: {fileID: 3059336027126470425, guid: db683e61e98b98e4990eaa96ee769581, type: 3}
      propertyPath: m_LocalPosition.x
      value: -15.84
      objectReference: {fileID: 0}
    - target: {fileID: 3059336027126470425, guid: db683e61e98b98e4990eaa96ee769581, type: 3}
      propertyPath: m_LocalPosition.y
      value: -2.87
      objectReference: {fileID: 0}
    - target: {fileID: 3059336027126470425, guid: db683e61e98b98e4990eaa96ee769581, type: 3}
      propertyPath: m_LocalPosition.z
      value: -3.43
      objectReference: {fileID: 0}
    - target: {fileID: 3059336027126470425, guid: db683e61e98b98e4990eaa96ee769581, type: 3}
      propertyPath: m_LocalRotation.w
      value: 0.9643522
      objectReference: {fileID: 0}
    - target: {fileID: 3059336027126470425, guid: db683e61e98b98e4990eaa96ee769581, type: 3}
      propertyPath: m_LocalRotation.x
      value: -0.1739322
      objectReference: {fileID: 0}
    - target: {fileID: 3059336027126470425, guid: db683e61e98b98e4990eaa96ee769581, type: 3}
      propertyPath: m_LocalRotation.y
      value: -0.19856064
      objectReference: {fileID: 0}
    - target: {fileID: 3059336027126470425, guid: db683e61e98b98e4990eaa96ee769581, type: 3}
      propertyPath: m_LocalRotation.z
      value: -0.018603908
      objectReference: {fileID: 0}
    - target: {fileID: 3059336027126470425, guid: db683e61e98b98e4990eaa96ee769581, type: 3}
      propertyPath: m_LocalEulerAnglesHint.x
      value: -20.051
      objectReference: {fileID: 0}
    - target: {fileID: 3059336027126470425, guid: db683e61e98b98e4990eaa96ee769581, type: 3}
      propertyPath: m_LocalEulerAnglesHint.y
      value: -23.627
      objectReference: {fileID: 0}
    - target: {fileID: 3059336027126470425, guid: db683e61e98b98e4990eaa96ee769581, type: 3}
      propertyPath: m_LocalEulerAnglesHint.z
      value: 2.025
      objectReference: {fileID: 0}
    - target: {fileID: 3263965214640160472, guid: db683e61e98b98e4990eaa96ee769581, type: 3}
      propertyPath: m_Name
      value: Obstacle (7)
      objectReference: {fileID: 0}
    m_RemovedComponents: []
  m_SourcePrefab: {fileID: 100100000, guid: db683e61e98b98e4990eaa96ee769581, type: 3}
--- !u!1 &1371138409
GameObject:
  m_ObjectHideFlags: 0
  m_CorrespondingSourceObject: {fileID: 0}
  m_PrefabInstance: {fileID: 0}
  m_PrefabAsset: {fileID: 0}
  serializedVersion: 6
  m_Component:
  - component: {fileID: 1371138410}
  m_Layer: 0
  m_Name: Obstacles
  m_TagString: Untagged
  m_Icon: {fileID: 0}
  m_NavMeshLayer: 0
  m_StaticEditorFlags: 0
  m_IsActive: 1
--- !u!4 &1371138410
Transform:
  m_ObjectHideFlags: 0
  m_CorrespondingSourceObject: {fileID: 0}
  m_PrefabInstance: {fileID: 0}
  m_PrefabAsset: {fileID: 0}
  m_GameObject: {fileID: 1371138409}
  m_LocalRotation: {x: 0, y: 0, z: 0, w: 1}
  m_LocalPosition: {x: 0, y: 0, z: 0}
  m_LocalScale: {x: 1, y: 1, z: 1}
  m_ConstrainProportionsScale: 0
  m_Children:
  - {fileID: 1241900085}
  - {fileID: 694038668}
  - {fileID: 1271196219}
  - {fileID: 1848902980}
  - {fileID: 1605861886}
  - {fileID: 2065902451}
  - {fileID: 1793714073}
  - {fileID: 1503466998}
  - {fileID: 1187705390}
  - {fileID: 1706376803}
  - {fileID: 2077848274}
  - {fileID: 1390322587}
  - {fileID: 2104615777}
  - {fileID: 1514907821}
  - {fileID: 965334504}
  - {fileID: 1125797950}
  - {fileID: 1524850663}
  - {fileID: 480799931}
  - {fileID: 325535663}
  - {fileID: 321943784}
  - {fileID: 1927712101}
  m_Father: {fileID: 0}
  m_RootOrder: 6
  m_LocalEulerAnglesHint: {x: 0, y: 0, z: 0}
--- !u!4 &1390322587 stripped
Transform:
  m_CorrespondingSourceObject: {fileID: 3059336027126470425, guid: db683e61e98b98e4990eaa96ee769581, type: 3}
  m_PrefabInstance: {fileID: 687640682}
  m_PrefabAsset: {fileID: 0}
--- !u!1001 &1494586148
PrefabInstance:
  m_ObjectHideFlags: 0
  serializedVersion: 2
  m_Modification:
    m_TransformParent: {fileID: 1371138410}
    m_Modifications:
    - target: {fileID: 3059336027126470425, guid: db683e61e98b98e4990eaa96ee769581, type: 3}
      propertyPath: m_RootOrder
      value: 13
      objectReference: {fileID: 0}
    - target: {fileID: 3059336027126470425, guid: db683e61e98b98e4990eaa96ee769581, type: 3}
      propertyPath: m_LocalScale.y
      value: 9.049
      objectReference: {fileID: 0}
    - target: {fileID: 3059336027126470425, guid: db683e61e98b98e4990eaa96ee769581, type: 3}
      propertyPath: m_LocalScale.z
      value: 3.3724
      objectReference: {fileID: 0}
    - target: {fileID: 3059336027126470425, guid: db683e61e98b98e4990eaa96ee769581, type: 3}
      propertyPath: m_LocalPosition.x
      value: 18.49
      objectReference: {fileID: 0}
    - target: {fileID: 3059336027126470425, guid: db683e61e98b98e4990eaa96ee769581, type: 3}
      propertyPath: m_LocalPosition.y
      value: -0.4
      objectReference: {fileID: 0}
    - target: {fileID: 3059336027126470425, guid: db683e61e98b98e4990eaa96ee769581, type: 3}
      propertyPath: m_LocalPosition.z
      value: -6.79
      objectReference: {fileID: 0}
    - target: {fileID: 3059336027126470425, guid: db683e61e98b98e4990eaa96ee769581, type: 3}
      propertyPath: m_LocalRotation.w
      value: 0.74708873
      objectReference: {fileID: 0}
    - target: {fileID: 3059336027126470425, guid: db683e61e98b98e4990eaa96ee769581, type: 3}
      propertyPath: m_LocalRotation.x
      value: -0.02756057
      objectReference: {fileID: 0}
    - target: {fileID: 3059336027126470425, guid: db683e61e98b98e4990eaa96ee769581, type: 3}
      propertyPath: m_LocalRotation.y
      value: 0.023735063
      objectReference: {fileID: 0}
    - target: {fileID: 3059336027126470425, guid: db683e61e98b98e4990eaa96ee769581, type: 3}
      propertyPath: m_LocalRotation.z
      value: -0.66372854
      objectReference: {fileID: 0}
    - target: {fileID: 3059336027126470425, guid: db683e61e98b98e4990eaa96ee769581, type: 3}
      propertyPath: m_LocalEulerAnglesHint.x
      value: -0.554
      objectReference: {fileID: 0}
    - target: {fileID: 3059336027126470425, guid: db683e61e98b98e4990eaa96ee769581, type: 3}
      propertyPath: m_LocalEulerAnglesHint.y
      value: 4.132
      objectReference: {fileID: 0}
    - target: {fileID: 3059336027126470425, guid: db683e61e98b98e4990eaa96ee769581, type: 3}
      propertyPath: m_LocalEulerAnglesHint.z
      value: -83.257
      objectReference: {fileID: 0}
    - target: {fileID: 3263965214640160472, guid: db683e61e98b98e4990eaa96ee769581, type: 3}
      propertyPath: m_Name
      value: Obstacle (14)
      objectReference: {fileID: 0}
    m_RemovedComponents: []
  m_SourcePrefab: {fileID: 100100000, guid: db683e61e98b98e4990eaa96ee769581, type: 3}
--- !u!1001 &1499968773
PrefabInstance:
  m_ObjectHideFlags: 0
  serializedVersion: 2
  m_Modification:
    m_TransformParent: {fileID: 1371138410}
    m_Modifications:
    - target: {fileID: 3059336027126470425, guid: db683e61e98b98e4990eaa96ee769581, type: 3}
      propertyPath: m_RootOrder
      value: 11
      objectReference: {fileID: 0}
    - target: {fileID: 3059336027126470425, guid: db683e61e98b98e4990eaa96ee769581, type: 3}
      propertyPath: m_LocalScale.x
      value: 6.3458996
      objectReference: {fileID: 0}
    - target: {fileID: 3059336027126470425, guid: db683e61e98b98e4990eaa96ee769581, type: 3}
      propertyPath: m_LocalScale.y
      value: 13.861
      objectReference: {fileID: 0}
    - target: {fileID: 3059336027126470425, guid: db683e61e98b98e4990eaa96ee769581, type: 3}
      propertyPath: m_LocalScale.z
      value: 6.1194997
      objectReference: {fileID: 0}
    - target: {fileID: 3059336027126470425, guid: db683e61e98b98e4990eaa96ee769581, type: 3}
      propertyPath: m_LocalPosition.x
      value: 18.67
      objectReference: {fileID: 0}
    - target: {fileID: 3059336027126470425, guid: db683e61e98b98e4990eaa96ee769581, type: 3}
      propertyPath: m_LocalPosition.y
      value: 0.29
      objectReference: {fileID: 0}
    - target: {fileID: 3059336027126470425, guid: db683e61e98b98e4990eaa96ee769581, type: 3}
      propertyPath: m_LocalPosition.z
      value: 6.51
      objectReference: {fileID: 0}
    - target: {fileID: 3059336027126470425, guid: db683e61e98b98e4990eaa96ee769581, type: 3}
      propertyPath: m_LocalRotation.w
      value: 0.8360617
      objectReference: {fileID: 0}
    - target: {fileID: 3059336027126470425, guid: db683e61e98b98e4990eaa96ee769581, type: 3}
      propertyPath: m_LocalRotation.x
      value: 0.070046715
      objectReference: {fileID: 0}
    - target: {fileID: 3059336027126470425, guid: db683e61e98b98e4990eaa96ee769581, type: 3}
      propertyPath: m_LocalRotation.y
      value: -0.08664116
      objectReference: {fileID: 0}
    - target: {fileID: 3059336027126470425, guid: db683e61e98b98e4990eaa96ee769581, type: 3}
      propertyPath: m_LocalRotation.z
      value: -0.53720355
      objectReference: {fileID: 0}
    - target: {fileID: 3059336027126470425, guid: db683e61e98b98e4990eaa96ee769581, type: 3}
      propertyPath: m_LocalEulerAnglesHint.x
      value: 1.377
      objectReference: {fileID: 0}
    - target: {fileID: 3059336027126470425, guid: db683e61e98b98e4990eaa96ee769581, type: 3}
      propertyPath: m_LocalEulerAnglesHint.y
      value: -12.721
      objectReference: {fileID: 0}
    - target: {fileID: 3059336027126470425, guid: db683e61e98b98e4990eaa96ee769581, type: 3}
      propertyPath: m_LocalEulerAnglesHint.z
      value: -65.598
      objectReference: {fileID: 0}
    - target: {fileID: 3263965214640160472, guid: db683e61e98b98e4990eaa96ee769581, type: 3}
      propertyPath: m_Name
      value: Obstacle (12)
      objectReference: {fileID: 0}
    - target: {fileID: 3667006767788941088, guid: db683e61e98b98e4990eaa96ee769581, type: 3}
      propertyPath: m_Materials.Array.data[0]
      value: 
      objectReference: {fileID: 2100000, guid: 370f72b4b7d83474ea5872e63a89aab8, type: 2}
    m_RemovedComponents: []
  m_SourcePrefab: {fileID: 100100000, guid: db683e61e98b98e4990eaa96ee769581, type: 3}
--- !u!4 &1503466998 stripped
Transform:
  m_CorrespondingSourceObject: {fileID: 3059336027126470425, guid: db683e61e98b98e4990eaa96ee769581, type: 3}
  m_PrefabInstance: {fileID: 1499968773}
  m_PrefabAsset: {fileID: 0}
--- !u!4 &1514907821 stripped
Transform:
  m_CorrespondingSourceObject: {fileID: 3059336027126470425, guid: db683e61e98b98e4990eaa96ee769581, type: 3}
  m_PrefabInstance: {fileID: 139786012}
  m_PrefabAsset: {fileID: 0}
--- !u!4 &1524850663 stripped
Transform:
  m_CorrespondingSourceObject: {fileID: 3059336027126470425, guid: db683e61e98b98e4990eaa96ee769581, type: 3}
  m_PrefabInstance: {fileID: 247579333}
  m_PrefabAsset: {fileID: 0}
--- !u!1001 &1571259448
PrefabInstance:
  m_ObjectHideFlags: 0
  serializedVersion: 2
  m_Modification:
    m_TransformParent: {fileID: 1371138410}
    m_Modifications:
    - target: {fileID: 3059336027126470425, guid: db683e61e98b98e4990eaa96ee769581, type: 3}
      propertyPath: m_RootOrder
      value: 9
      objectReference: {fileID: 0}
    - target: {fileID: 3059336027126470425, guid: db683e61e98b98e4990eaa96ee769581, type: 3}
      propertyPath: m_LocalScale.x
      value: 5.1182404
      objectReference: {fileID: 0}
    - target: {fileID: 3059336027126470425, guid: db683e61e98b98e4990eaa96ee769581, type: 3}
      propertyPath: m_LocalScale.z
      value: 26.42
      objectReference: {fileID: 0}
    - target: {fileID: 3059336027126470425, guid: db683e61e98b98e4990eaa96ee769581, type: 3}
      propertyPath: m_LocalPosition.x
      value: -19.43
      objectReference: {fileID: 0}
    - target: {fileID: 3059336027126470425, guid: db683e61e98b98e4990eaa96ee769581, type: 3}
      propertyPath: m_LocalPosition.y
      value: -0.4
      objectReference: {fileID: 0}
    - target: {fileID: 3059336027126470425, guid: db683e61e98b98e4990eaa96ee769581, type: 3}
      propertyPath: m_LocalPosition.z
      value: 5.06
      objectReference: {fileID: 0}
    - target: {fileID: 3059336027126470425, guid: db683e61e98b98e4990eaa96ee769581, type: 3}
      propertyPath: m_LocalRotation.w
      value: 0.62850165
      objectReference: {fileID: 0}
    - target: {fileID: 3059336027126470425, guid: db683e61e98b98e4990eaa96ee769581, type: 3}
      propertyPath: m_LocalRotation.x
      value: -0.4452636
      objectReference: {fileID: 0}
    - target: {fileID: 3059336027126470425, guid: db683e61e98b98e4990eaa96ee769581, type: 3}
      propertyPath: m_LocalRotation.y
      value: 0.4491603
      objectReference: {fileID: 0}
    - target: {fileID: 3059336027126470425, guid: db683e61e98b98e4990eaa96ee769581, type: 3}
      propertyPath: m_LocalRotation.z
      value: -0.45274827
      objectReference: {fileID: 0}
    - target: {fileID: 3059336027126470425, guid: db683e61e98b98e4990eaa96ee769581, type: 3}
      propertyPath: m_LocalEulerAnglesHint.x
      value: -8.8
      objectReference: {fileID: 0}
    - target: {fileID: 3059336027126470425, guid: db683e61e98b98e4990eaa96ee769581, type: 3}
      propertyPath: m_LocalEulerAnglesHint.y
      value: 78.324
      objectReference: {fileID: 0}
    - target: {fileID: 3059336027126470425, guid: db683e61e98b98e4990eaa96ee769581, type: 3}
      propertyPath: m_LocalEulerAnglesHint.z
      value: -78.707
      objectReference: {fileID: 0}
    - target: {fileID: 3263965214640160472, guid: db683e61e98b98e4990eaa96ee769581, type: 3}
      propertyPath: m_Name
      value: Obstacle (10)
      objectReference: {fileID: 0}
    - target: {fileID: 3667006767788941088, guid: db683e61e98b98e4990eaa96ee769581, type: 3}
      propertyPath: m_Materials.Array.data[0]
      value: 
      objectReference: {fileID: 2100000, guid: 370f72b4b7d83474ea5872e63a89aab8, type: 2}
    m_RemovedComponents: []
  m_SourcePrefab: {fileID: 100100000, guid: db683e61e98b98e4990eaa96ee769581, type: 3}
--- !u!1 &1591396748
GameObject:
  m_ObjectHideFlags: 0
  m_CorrespondingSourceObject: {fileID: 0}
  m_PrefabInstance: {fileID: 0}
  m_PrefabAsset: {fileID: 0}
  serializedVersion: 6
  m_Component:
  - component: {fileID: 1591396750}
  - component: {fileID: 1591396749}
  m_Layer: 0
  m_Name: Point Light (1)
  m_TagString: Untagged
  m_Icon: {fileID: 0}
  m_NavMeshLayer: 0
  m_StaticEditorFlags: 0
  m_IsActive: 1
--- !u!108 &1591396749
Light:
  m_ObjectHideFlags: 0
  m_CorrespondingSourceObject: {fileID: 0}
  m_PrefabInstance: {fileID: 0}
  m_PrefabAsset: {fileID: 0}
  m_GameObject: {fileID: 1591396748}
  m_Enabled: 1
  serializedVersion: 10
  m_Type: 2
  m_Shape: 0
  m_Color: {r: 0.46598858, g: 0.36725703, b: 0.5943396, a: 1}
  m_Intensity: 3
  m_Range: 10
  m_SpotAngle: 30
  m_InnerSpotAngle: 21.80208
  m_CookieSize: 10
  m_Shadows:
    m_Type: 0
    m_Resolution: -1
    m_CustomResolution: -1
    m_Strength: 1
    m_Bias: 0.05
    m_NormalBias: 0.4
    m_NearPlane: 0.2
    m_CullingMatrixOverride:
      e00: 1
      e01: 0
      e02: 0
      e03: 0
      e10: 0
      e11: 1
      e12: 0
      e13: 0
      e20: 0
      e21: 0
      e22: 1
      e23: 0
      e30: 0
      e31: 0
      e32: 0
      e33: 1
    m_UseCullingMatrixOverride: 0
  m_Cookie: {fileID: 0}
  m_DrawHalo: 0
  m_Flare: {fileID: 0}
  m_RenderMode: 0
  m_CullingMask:
    serializedVersion: 2
    m_Bits: 4294967295
  m_RenderingLayerMask: 1
  m_Lightmapping: 4
  m_LightShadowCasterMode: 0
  m_AreaSize: {x: 1, y: 1}
  m_BounceIntensity: 1
  m_ColorTemperature: 6570
  m_UseColorTemperature: 0
  m_BoundingSphereOverride: {x: 0, y: 0, z: 0, w: 0}
  m_UseBoundingSphereOverride: 0
  m_UseViewFrustumForShadowCasterCull: 1
  m_ShadowRadius: 0
  m_ShadowAngle: 0
--- !u!4 &1591396750
Transform:
  m_ObjectHideFlags: 0
  m_CorrespondingSourceObject: {fileID: 0}
  m_PrefabInstance: {fileID: 0}
  m_PrefabAsset: {fileID: 0}
  m_GameObject: {fileID: 1591396748}
  m_LocalRotation: {x: 0, y: 0, z: 0, w: 1}
  m_LocalPosition: {x: 3, y: 6.88, z: -1.45}
  m_LocalScale: {x: 1, y: 1, z: 1}
  m_ConstrainProportionsScale: 0
  m_Children: []
  m_Father: {fileID: 0}
  m_RootOrder: 8
  m_LocalEulerAnglesHint: {x: 0, y: 0, z: 0}
--- !u!1 &1594489045
GameObject:
  m_ObjectHideFlags: 0
  m_CorrespondingSourceObject: {fileID: 0}
  m_PrefabInstance: {fileID: 0}
  m_PrefabAsset: {fileID: 0}
  serializedVersion: 6
  m_Component:
  - component: {fileID: 1594489047}
  - component: {fileID: 1594489046}
  m_Layer: 0
  m_Name: Point Light (3)
  m_TagString: Untagged
  m_Icon: {fileID: 0}
  m_NavMeshLayer: 0
  m_StaticEditorFlags: 0
  m_IsActive: 1
--- !u!108 &1594489046
Light:
  m_ObjectHideFlags: 0
  m_CorrespondingSourceObject: {fileID: 0}
  m_PrefabInstance: {fileID: 0}
  m_PrefabAsset: {fileID: 0}
  m_GameObject: {fileID: 1594489045}
  m_Enabled: 1
  serializedVersion: 10
  m_Type: 2
  m_Shape: 0
  m_Color: {r: 0.36862746, g: 0.59607846, b: 0.52931184, a: 1}
  m_Intensity: 5
  m_Range: 20
  m_SpotAngle: 30
  m_InnerSpotAngle: 21.80208
  m_CookieSize: 10
  m_Shadows:
    m_Type: 0
    m_Resolution: -1
    m_CustomResolution: -1
    m_Strength: 1
    m_Bias: 0.05
    m_NormalBias: 0.4
    m_NearPlane: 0.2
    m_CullingMatrixOverride:
      e00: 1
      e01: 0
      e02: 0
      e03: 0
      e10: 0
      e11: 1
      e12: 0
      e13: 0
      e20: 0
      e21: 0
      e22: 1
      e23: 0
      e30: 0
      e31: 0
      e32: 0
      e33: 1
    m_UseCullingMatrixOverride: 0
  m_Cookie: {fileID: 0}
  m_DrawHalo: 0
  m_Flare: {fileID: 0}
  m_RenderMode: 0
  m_CullingMask:
    serializedVersion: 2
    m_Bits: 4294967295
  m_RenderingLayerMask: 1
  m_Lightmapping: 4
  m_LightShadowCasterMode: 0
  m_AreaSize: {x: 1, y: 1}
  m_BounceIntensity: 1
  m_ColorTemperature: 6570
  m_UseColorTemperature: 0
  m_BoundingSphereOverride: {x: 0, y: 0, z: 0, w: 0}
  m_UseBoundingSphereOverride: 0
  m_UseViewFrustumForShadowCasterCull: 1
  m_ShadowRadius: 0
  m_ShadowAngle: 0
--- !u!4 &1594489047
Transform:
  m_ObjectHideFlags: 0
  m_CorrespondingSourceObject: {fileID: 0}
  m_PrefabInstance: {fileID: 0}
  m_PrefabAsset: {fileID: 0}
  m_GameObject: {fileID: 1594489045}
  m_LocalRotation: {x: 0, y: 0, z: 0, w: 1}
  m_LocalPosition: {x: 18.31, y: 7.87, z: -4.94}
  m_LocalScale: {x: 1, y: 1, z: 1}
  m_ConstrainProportionsScale: 0
  m_Children: []
  m_Father: {fileID: 0}
  m_RootOrder: 10
  m_LocalEulerAnglesHint: {x: 0, y: 0, z: 0}
--- !u!1001 &1595393027
PrefabInstance:
  m_ObjectHideFlags: 0
  serializedVersion: 2
  m_Modification:
    m_TransformParent: {fileID: 1371138410}
    m_Modifications:
    - target: {fileID: 3059336027126470425, guid: db683e61e98b98e4990eaa96ee769581, type: 3}
      propertyPath: m_RootOrder
      value: 25
      objectReference: {fileID: 0}
    - target: {fileID: 3059336027126470425, guid: db683e61e98b98e4990eaa96ee769581, type: 3}
      propertyPath: m_LocalScale.x
      value: 6.4553986
      objectReference: {fileID: 0}
    - target: {fileID: 3059336027126470425, guid: db683e61e98b98e4990eaa96ee769581, type: 3}
      propertyPath: m_LocalScale.y
      value: 24.694412
      objectReference: {fileID: 0}
    - target: {fileID: 3059336027126470425, guid: db683e61e98b98e4990eaa96ee769581, type: 3}
      propertyPath: m_LocalScale.z
      value: 25.070732
      objectReference: {fileID: 0}
    - target: {fileID: 3059336027126470425, guid: db683e61e98b98e4990eaa96ee769581, type: 3}
      propertyPath: m_LocalPosition.x
      value: -19.05
      objectReference: {fileID: 0}
    - target: {fileID: 3059336027126470425, guid: db683e61e98b98e4990eaa96ee769581, type: 3}
      propertyPath: m_LocalPosition.y
      value: 9.32
      objectReference: {fileID: 0}
    - target: {fileID: 3059336027126470425, guid: db683e61e98b98e4990eaa96ee769581, type: 3}
      propertyPath: m_LocalPosition.z
      value: 0.5
      objectReference: {fileID: 0}
    - target: {fileID: 3059336027126470425, guid: db683e61e98b98e4990eaa96ee769581, type: 3}
      propertyPath: m_LocalRotation.w
      value: 1
      objectReference: {fileID: 0}
    - target: {fileID: 3059336027126470425, guid: db683e61e98b98e4990eaa96ee769581, type: 3}
      propertyPath: m_LocalRotation.x
      value: 0
      objectReference: {fileID: 0}
    - target: {fileID: 3059336027126470425, guid: db683e61e98b98e4990eaa96ee769581, type: 3}
      propertyPath: m_LocalRotation.y
      value: 0
      objectReference: {fileID: 0}
    - target: {fileID: 3059336027126470425, guid: db683e61e98b98e4990eaa96ee769581, type: 3}
      propertyPath: m_LocalRotation.z
      value: 0
      objectReference: {fileID: 0}
    - target: {fileID: 3059336027126470425, guid: db683e61e98b98e4990eaa96ee769581, type: 3}
      propertyPath: m_LocalEulerAnglesHint.x
      value: 0
      objectReference: {fileID: 0}
    - target: {fileID: 3059336027126470425, guid: db683e61e98b98e4990eaa96ee769581, type: 3}
      propertyPath: m_LocalEulerAnglesHint.y
      value: 0
      objectReference: {fileID: 0}
    - target: {fileID: 3059336027126470425, guid: db683e61e98b98e4990eaa96ee769581, type: 3}
      propertyPath: m_LocalEulerAnglesHint.z
      value: 0
      objectReference: {fileID: 0}
    - target: {fileID: 3263965214640160472, guid: db683e61e98b98e4990eaa96ee769581, type: 3}
      propertyPath: m_Name
      value: Obstacle (27)
      objectReference: {fileID: 0}
    m_RemovedComponents: []
  m_SourcePrefab: {fileID: 100100000, guid: db683e61e98b98e4990eaa96ee769581, type: 3}
--- !u!4 &1605861886 stripped
Transform:
  m_CorrespondingSourceObject: {fileID: 3059336027126470425, guid: db683e61e98b98e4990eaa96ee769581, type: 3}
  m_PrefabInstance: {fileID: 1922412739}
  m_PrefabAsset: {fileID: 0}
--- !u!1001 &1658223150
PrefabInstance:
  m_ObjectHideFlags: 0
  serializedVersion: 2
  m_Modification:
    m_TransformParent: {fileID: 1371138410}
    m_Modifications:
    - target: {fileID: 3059336027126470425, guid: db683e61e98b98e4990eaa96ee769581, type: 3}
      propertyPath: m_RootOrder
      value: 28
      objectReference: {fileID: 0}
    - target: {fileID: 3059336027126470425, guid: db683e61e98b98e4990eaa96ee769581, type: 3}
      propertyPath: m_LocalScale.x
      value: 1.35
      objectReference: {fileID: 0}
    - target: {fileID: 3059336027126470425, guid: db683e61e98b98e4990eaa96ee769581, type: 3}
      propertyPath: m_LocalScale.y
      value: 2.5238001
      objectReference: {fileID: 0}
    - target: {fileID: 3059336027126470425, guid: db683e61e98b98e4990eaa96ee769581, type: 3}
      propertyPath: m_LocalScale.z
      value: 4.0456877
      objectReference: {fileID: 0}
    - target: {fileID: 3059336027126470425, guid: db683e61e98b98e4990eaa96ee769581, type: 3}
      propertyPath: m_LocalPosition.x
      value: -5.18
      objectReference: {fileID: 0}
    - target: {fileID: 3059336027126470425, guid: db683e61e98b98e4990eaa96ee769581, type: 3}
      propertyPath: m_LocalPosition.y
      value: 17.45
      objectReference: {fileID: 0}
    - target: {fileID: 3059336027126470425, guid: db683e61e98b98e4990eaa96ee769581, type: 3}
      propertyPath: m_LocalPosition.z
      value: 0.61
      objectReference: {fileID: 0}
    - target: {fileID: 3059336027126470425, guid: db683e61e98b98e4990eaa96ee769581, type: 3}
      propertyPath: m_LocalRotation.w
      value: 0.7071068
      objectReference: {fileID: 0}
    - target: {fileID: 3059336027126470425, guid: db683e61e98b98e4990eaa96ee769581, type: 3}
      propertyPath: m_LocalRotation.x
      value: 0.7071068
      objectReference: {fileID: 0}
    - target: {fileID: 3059336027126470425, guid: db683e61e98b98e4990eaa96ee769581, type: 3}
      propertyPath: m_LocalRotation.y
      value: 0
      objectReference: {fileID: 0}
    - target: {fileID: 3059336027126470425, guid: db683e61e98b98e4990eaa96ee769581, type: 3}
      propertyPath: m_LocalRotation.z
      value: 0
      objectReference: {fileID: 0}
    - target: {fileID: 3059336027126470425, guid: db683e61e98b98e4990eaa96ee769581, type: 3}
      propertyPath: m_LocalEulerAnglesHint.x
      value: 90
      objectReference: {fileID: 0}
    - target: {fileID: 3059336027126470425, guid: db683e61e98b98e4990eaa96ee769581, type: 3}
      propertyPath: m_LocalEulerAnglesHint.y
      value: 0
      objectReference: {fileID: 0}
    - target: {fileID: 3059336027126470425, guid: db683e61e98b98e4990eaa96ee769581, type: 3}
      propertyPath: m_LocalEulerAnglesHint.z
      value: 0
      objectReference: {fileID: 0}
    - target: {fileID: 3263965214640160472, guid: db683e61e98b98e4990eaa96ee769581, type: 3}
      propertyPath: m_Name
      value: Obstacle (30)
      objectReference: {fileID: 0}
    m_RemovedComponents: []
  m_SourcePrefab: {fileID: 100100000, guid: db683e61e98b98e4990eaa96ee769581, type: 3}
--- !u!4 &1706376803 stripped
Transform:
  m_CorrespondingSourceObject: {fileID: 3059336027126470425, guid: db683e61e98b98e4990eaa96ee769581, type: 3}
  m_PrefabInstance: {fileID: 1847127188}
  m_PrefabAsset: {fileID: 0}
--- !u!1 &1749873025
GameObject:
  m_ObjectHideFlags: 0
  m_CorrespondingSourceObject: {fileID: 0}
  m_PrefabInstance: {fileID: 0}
  m_PrefabAsset: {fileID: 0}
  serializedVersion: 6
  m_Component:
  - component: {fileID: 1749873027}
  - component: {fileID: 1749873026}
  m_Layer: 0
  m_Name: Point Light (4)
  m_TagString: Untagged
  m_Icon: {fileID: 0}
  m_NavMeshLayer: 0
  m_StaticEditorFlags: 0
  m_IsActive: 1
--- !u!108 &1749873026
Light:
  m_ObjectHideFlags: 0
  m_CorrespondingSourceObject: {fileID: 0}
  m_PrefabInstance: {fileID: 0}
  m_PrefabAsset: {fileID: 0}
  m_GameObject: {fileID: 1749873025}
  m_Enabled: 1
  serializedVersion: 10
  m_Type: 2
  m_Shape: 0
  m_Color: {r: 0.46598858, g: 0.36725703, b: 0.5943396, a: 1}
  m_Intensity: 3
  m_Range: 7
  m_SpotAngle: 30
  m_InnerSpotAngle: 21.80208
  m_CookieSize: 10
  m_Shadows:
    m_Type: 0
    m_Resolution: -1
    m_CustomResolution: -1
    m_Strength: 1
    m_Bias: 0.05
    m_NormalBias: 0.4
    m_NearPlane: 0.2
    m_CullingMatrixOverride:
      e00: 1
      e01: 0
      e02: 0
      e03: 0
      e10: 0
      e11: 1
      e12: 0
      e13: 0
      e20: 0
      e21: 0
      e22: 1
      e23: 0
      e30: 0
      e31: 0
      e32: 0
      e33: 1
    m_UseCullingMatrixOverride: 0
  m_Cookie: {fileID: 0}
  m_DrawHalo: 0
  m_Flare: {fileID: 0}
  m_RenderMode: 0
  m_CullingMask:
    serializedVersion: 2
    m_Bits: 4294967295
  m_RenderingLayerMask: 1
  m_Lightmapping: 4
  m_LightShadowCasterMode: 0
  m_AreaSize: {x: 1, y: 1}
  m_BounceIntensity: 1
  m_ColorTemperature: 6570
  m_UseColorTemperature: 0
  m_BoundingSphereOverride: {x: 0, y: 0, z: 0, w: 0}
  m_UseBoundingSphereOverride: 0
  m_UseViewFrustumForShadowCasterCull: 1
  m_ShadowRadius: 0
  m_ShadowAngle: 0
--- !u!4 &1749873027
Transform:
  m_ObjectHideFlags: 0
  m_CorrespondingSourceObject: {fileID: 0}
  m_PrefabInstance: {fileID: 0}
  m_PrefabAsset: {fileID: 0}
  m_GameObject: {fileID: 1749873025}
  m_LocalRotation: {x: 0, y: 0, z: 0, w: 1}
  m_LocalPosition: {x: -5.61, y: 14.85, z: -2.88}
  m_LocalScale: {x: 1, y: 1, z: 1}
  m_ConstrainProportionsScale: 0
  m_Children: []
  m_Father: {fileID: 0}
  m_RootOrder: 11
  m_LocalEulerAnglesHint: {x: 0, y: 0, z: 0}
--- !u!4 &1793714073 stripped
Transform:
  m_CorrespondingSourceObject: {fileID: 3059336027126470425, guid: db683e61e98b98e4990eaa96ee769581, type: 3}
  m_PrefabInstance: {fileID: 677297828}
  m_PrefabAsset: {fileID: 0}
--- !u!1001 &1847127188
PrefabInstance:
  m_ObjectHideFlags: 0
  serializedVersion: 2
  m_Modification:
    m_TransformParent: {fileID: 1371138410}
    m_Modifications:
    - target: {fileID: 3059336027126470425, guid: db683e61e98b98e4990eaa96ee769581, type: 3}
      propertyPath: m_RootOrder
      value: 17
      objectReference: {fileID: 0}
    - target: {fileID: 3059336027126470425, guid: db683e61e98b98e4990eaa96ee769581, type: 3}
      propertyPath: m_LocalScale.x
      value: 6.4553986
      objectReference: {fileID: 0}
    - target: {fileID: 3059336027126470425, guid: db683e61e98b98e4990eaa96ee769581, type: 3}
      propertyPath: m_LocalScale.y
      value: 29.606745
      objectReference: {fileID: 0}
    - target: {fileID: 3059336027126470425, guid: db683e61e98b98e4990eaa96ee769581, type: 3}
      propertyPath: m_LocalScale.z
      value: 25.070732
      objectReference: {fileID: 0}
    - target: {fileID: 3059336027126470425, guid: db683e61e98b98e4990eaa96ee769581, type: 3}
      propertyPath: m_LocalPosition.x
      value: 21.8
      objectReference: {fileID: 0}
    - target: {fileID: 3059336027126470425, guid: db683e61e98b98e4990eaa96ee769581, type: 3}
      propertyPath: m_LocalPosition.y
      value: 5.5
      objectReference: {fileID: 0}
    - target: {fileID: 3059336027126470425, guid: db683e61e98b98e4990eaa96ee769581, type: 3}
      propertyPath: m_LocalPosition.z
      value: 3.96
      objectReference: {fileID: 0}
    - target: {fileID: 3059336027126470425, guid: db683e61e98b98e4990eaa96ee769581, type: 3}
      propertyPath: m_LocalRotation.w
      value: 1
      objectReference: {fileID: 0}
    - target: {fileID: 3059336027126470425, guid: db683e61e98b98e4990eaa96ee769581, type: 3}
      propertyPath: m_LocalRotation.x
      value: 0
      objectReference: {fileID: 0}
    - target: {fileID: 3059336027126470425, guid: db683e61e98b98e4990eaa96ee769581, type: 3}
      propertyPath: m_LocalRotation.y
      value: 0
      objectReference: {fileID: 0}
    - target: {fileID: 3059336027126470425, guid: db683e61e98b98e4990eaa96ee769581, type: 3}
      propertyPath: m_LocalRotation.z
      value: 0
      objectReference: {fileID: 0}
    - target: {fileID: 3059336027126470425, guid: db683e61e98b98e4990eaa96ee769581, type: 3}
      propertyPath: m_LocalEulerAnglesHint.x
      value: 0
      objectReference: {fileID: 0}
    - target: {fileID: 3059336027126470425, guid: db683e61e98b98e4990eaa96ee769581, type: 3}
      propertyPath: m_LocalEulerAnglesHint.y
      value: 0
      objectReference: {fileID: 0}
    - target: {fileID: 3059336027126470425, guid: db683e61e98b98e4990eaa96ee769581, type: 3}
      propertyPath: m_LocalEulerAnglesHint.z
      value: 0
      objectReference: {fileID: 0}
    - target: {fileID: 3263965214640160472, guid: db683e61e98b98e4990eaa96ee769581, type: 3}
      propertyPath: m_Name
      value: Obstacle (20)
      objectReference: {fileID: 0}
    m_RemovedComponents: []
  m_SourcePrefab: {fileID: 100100000, guid: db683e61e98b98e4990eaa96ee769581, type: 3}
--- !u!4 &1848902980 stripped
Transform:
  m_CorrespondingSourceObject: {fileID: 3059336027126470425, guid: db683e61e98b98e4990eaa96ee769581, type: 3}
  m_PrefabInstance: {fileID: 381611017}
  m_PrefabAsset: {fileID: 0}
--- !u!1001 &1922412739
PrefabInstance:
  m_ObjectHideFlags: 0
  serializedVersion: 2
  m_Modification:
    m_TransformParent: {fileID: 1371138410}
    m_Modifications:
    - target: {fileID: 3059336027126470425, guid: db683e61e98b98e4990eaa96ee769581, type: 3}
      propertyPath: m_RootOrder
      value: 8
      objectReference: {fileID: 0}
    - target: {fileID: 3059336027126470425, guid: db683e61e98b98e4990eaa96ee769581, type: 3}
      propertyPath: m_LocalScale.x
      value: 1.8555899
      objectReference: {fileID: 0}
    - target: {fileID: 3059336027126470425, guid: db683e61e98b98e4990eaa96ee769581, type: 3}
      propertyPath: m_LocalScale.z
      value: 2.6074002
      objectReference: {fileID: 0}
    - target: {fileID: 3059336027126470425, guid: db683e61e98b98e4990eaa96ee769581, type: 3}
      propertyPath: m_LocalPosition.x
      value: 2.03
      objectReference: {fileID: 0}
    - target: {fileID: 3059336027126470425, guid: db683e61e98b98e4990eaa96ee769581, type: 3}
      propertyPath: m_LocalPosition.y
      value: -1.21
      objectReference: {fileID: 0}
    - target: {fileID: 3059336027126470425, guid: db683e61e98b98e4990eaa96ee769581, type: 3}
      propertyPath: m_LocalPosition.z
      value: -2.69
      objectReference: {fileID: 0}
    - target: {fileID: 3059336027126470425, guid: db683e61e98b98e4990eaa96ee769581, type: 3}
      propertyPath: m_LocalRotation.w
      value: 0.48655248
      objectReference: {fileID: 0}
    - target: {fileID: 3059336027126470425, guid: db683e61e98b98e4990eaa96ee769581, type: 3}
      propertyPath: m_LocalRotation.x
      value: 0.12172053
      objectReference: {fileID: 0}
    - target: {fileID: 3059336027126470425, guid: db683e61e98b98e4990eaa96ee769581, type: 3}
      propertyPath: m_LocalRotation.y
      value: -0.8562323
      objectReference: {fileID: 0}
    - target: {fileID: 3059336027126470425, guid: db683e61e98b98e4990eaa96ee769581, type: 3}
      propertyPath: m_LocalRotation.z
      value: 0.12376266
      objectReference: {fileID: 0}
    - target: {fileID: 3059336027126470425, guid: db683e61e98b98e4990eaa96ee769581, type: 3}
      propertyPath: m_LocalEulerAnglesHint.x
      value: 19.292
      objectReference: {fileID: 0}
    - target: {fileID: 3059336027126470425, guid: db683e61e98b98e4990eaa96ee769581, type: 3}
      propertyPath: m_LocalEulerAnglesHint.y
      value: -121.695
      objectReference: {fileID: 0}
    - target: {fileID: 3059336027126470425, guid: db683e61e98b98e4990eaa96ee769581, type: 3}
      propertyPath: m_LocalEulerAnglesHint.z
      value: -5.35
      objectReference: {fileID: 0}
    - target: {fileID: 3263965214640160472, guid: db683e61e98b98e4990eaa96ee769581, type: 3}
      propertyPath: m_Name
      value: Obstacle (9)
      objectReference: {fileID: 0}
    m_RemovedComponents: []
  m_SourcePrefab: {fileID: 100100000, guid: db683e61e98b98e4990eaa96ee769581, type: 3}
--- !u!4 &1927712101 stripped
Transform:
  m_CorrespondingSourceObject: {fileID: 3059336027126470425, guid: db683e61e98b98e4990eaa96ee769581, type: 3}
  m_PrefabInstance: {fileID: 1658223150}
  m_PrefabAsset: {fileID: 0}
--- !u!1001 &1937582509
PrefabInstance:
  m_ObjectHideFlags: 0
  serializedVersion: 2
  m_Modification:
    m_TransformParent: {fileID: 1371138410}
    m_Modifications:
    - target: {fileID: 3059336027126470425, guid: db683e61e98b98e4990eaa96ee769581, type: 3}
      propertyPath: m_RootOrder
      value: 26
      objectReference: {fileID: 0}
    - target: {fileID: 3059336027126470425, guid: db683e61e98b98e4990eaa96ee769581, type: 3}
      propertyPath: m_LocalScale.x
      value: 1.35
      objectReference: {fileID: 0}
    - target: {fileID: 3059336027126470425, guid: db683e61e98b98e4990eaa96ee769581, type: 3}
      propertyPath: m_LocalScale.y
      value: 2.5238001
      objectReference: {fileID: 0}
    - target: {fileID: 3059336027126470425, guid: db683e61e98b98e4990eaa96ee769581, type: 3}
      propertyPath: m_LocalScale.z
      value: 4.0456877
      objectReference: {fileID: 0}
    - target: {fileID: 3059336027126470425, guid: db683e61e98b98e4990eaa96ee769581, type: 3}
      propertyPath: m_LocalPosition.x
      value: 6.12
      objectReference: {fileID: 0}
    - target: {fileID: 3059336027126470425, guid: db683e61e98b98e4990eaa96ee769581, type: 3}
      propertyPath: m_LocalPosition.y
      value: 16.17
      objectReference: {fileID: 0}
    - target: {fileID: 3059336027126470425, guid: db683e61e98b98e4990eaa96ee769581, type: 3}
      propertyPath: m_LocalPosition.z
      value: 0.61
      objectReference: {fileID: 0}
    - target: {fileID: 3059336027126470425, guid: db683e61e98b98e4990eaa96ee769581, type: 3}
      propertyPath: m_LocalRotation.w
      value: 0.7071068
      objectReference: {fileID: 0}
    - target: {fileID: 3059336027126470425, guid: db683e61e98b98e4990eaa96ee769581, type: 3}
      propertyPath: m_LocalRotation.x
      value: 0.7071068
      objectReference: {fileID: 0}
    - target: {fileID: 3059336027126470425, guid: db683e61e98b98e4990eaa96ee769581, type: 3}
      propertyPath: m_LocalRotation.y
      value: 0
      objectReference: {fileID: 0}
    - target: {fileID: 3059336027126470425, guid: db683e61e98b98e4990eaa96ee769581, type: 3}
      propertyPath: m_LocalRotation.z
      value: 0
      objectReference: {fileID: 0}
    - target: {fileID: 3059336027126470425, guid: db683e61e98b98e4990eaa96ee769581, type: 3}
      propertyPath: m_LocalEulerAnglesHint.x
      value: 90
      objectReference: {fileID: 0}
    - target: {fileID: 3059336027126470425, guid: db683e61e98b98e4990eaa96ee769581, type: 3}
      propertyPath: m_LocalEulerAnglesHint.y
      value: 0
      objectReference: {fileID: 0}
    - target: {fileID: 3059336027126470425, guid: db683e61e98b98e4990eaa96ee769581, type: 3}
      propertyPath: m_LocalEulerAnglesHint.z
      value: 0
      objectReference: {fileID: 0}
    - target: {fileID: 3263965214640160472, guid: db683e61e98b98e4990eaa96ee769581, type: 3}
      propertyPath: m_Name
      value: Obstacle (28)
      objectReference: {fileID: 0}
    m_RemovedComponents: []
  m_SourcePrefab: {fileID: 100100000, guid: db683e61e98b98e4990eaa96ee769581, type: 3}
--- !u!1001 &1967005026
PrefabInstance:
  m_ObjectHideFlags: 0
  serializedVersion: 2
  m_Modification:
    m_TransformParent: {fileID: 1371138410}
    m_Modifications:
    - target: {fileID: 3059336027126470425, guid: db683e61e98b98e4990eaa96ee769581, type: 3}
      propertyPath: m_RootOrder
      value: 20
      objectReference: {fileID: 0}
    - target: {fileID: 3059336027126470425, guid: db683e61e98b98e4990eaa96ee769581, type: 3}
      propertyPath: m_LocalScale.x
      value: 1.35
      objectReference: {fileID: 0}
    - target: {fileID: 3059336027126470425, guid: db683e61e98b98e4990eaa96ee769581, type: 3}
      propertyPath: m_LocalScale.y
      value: 2.5238001
      objectReference: {fileID: 0}
    - target: {fileID: 3059336027126470425, guid: db683e61e98b98e4990eaa96ee769581, type: 3}
      propertyPath: m_LocalScale.z
      value: 4.0456877
      objectReference: {fileID: 0}
    - target: {fileID: 3059336027126470425, guid: db683e61e98b98e4990eaa96ee769581, type: 3}
      propertyPath: m_LocalPosition.x
      value: 6.12
      objectReference: {fileID: 0}
    - target: {fileID: 3059336027126470425, guid: db683e61e98b98e4990eaa96ee769581, type: 3}
      propertyPath: m_LocalPosition.y
      value: 8.9438
      objectReference: {fileID: 0}
    - target: {fileID: 3059336027126470425, guid: db683e61e98b98e4990eaa96ee769581, type: 3}
      propertyPath: m_LocalPosition.z
      value: 0.61
      objectReference: {fileID: 0}
    - target: {fileID: 3059336027126470425, guid: db683e61e98b98e4990eaa96ee769581, type: 3}
      propertyPath: m_LocalRotation.w
      value: 0.7071068
      objectReference: {fileID: 0}
    - target: {fileID: 3059336027126470425, guid: db683e61e98b98e4990eaa96ee769581, type: 3}
      propertyPath: m_LocalRotation.x
      value: 0.7071068
      objectReference: {fileID: 0}
    - target: {fileID: 3059336027126470425, guid: db683e61e98b98e4990eaa96ee769581, type: 3}
      propertyPath: m_LocalRotation.y
      value: 0
      objectReference: {fileID: 0}
    - target: {fileID: 3059336027126470425, guid: db683e61e98b98e4990eaa96ee769581, type: 3}
      propertyPath: m_LocalRotation.z
      value: 0
      objectReference: {fileID: 0}
    - target: {fileID: 3059336027126470425, guid: db683e61e98b98e4990eaa96ee769581, type: 3}
      propertyPath: m_LocalEulerAnglesHint.x
      value: 90
      objectReference: {fileID: 0}
    - target: {fileID: 3059336027126470425, guid: db683e61e98b98e4990eaa96ee769581, type: 3}
      propertyPath: m_LocalEulerAnglesHint.y
      value: 0
      objectReference: {fileID: 0}
    - target: {fileID: 3059336027126470425, guid: db683e61e98b98e4990eaa96ee769581, type: 3}
      propertyPath: m_LocalEulerAnglesHint.z
      value: 0
      objectReference: {fileID: 0}
    - target: {fileID: 3263965214640160472, guid: db683e61e98b98e4990eaa96ee769581, type: 3}
      propertyPath: m_Name
      value: Obstacle (23)
      objectReference: {fileID: 0}
    m_RemovedComponents: []
  m_SourcePrefab: {fileID: 100100000, guid: db683e61e98b98e4990eaa96ee769581, type: 3}
--- !u!1001 &1977859791
PrefabInstance:
  m_ObjectHideFlags: 0
  serializedVersion: 2
  m_Modification:
    m_TransformParent: {fileID: 1371138410}
    m_Modifications:
    - target: {fileID: 3059336027126470425, guid: db683e61e98b98e4990eaa96ee769581, type: 3}
      propertyPath: m_RootOrder
      value: 4
      objectReference: {fileID: 0}
    - target: {fileID: 3059336027126470425, guid: db683e61e98b98e4990eaa96ee769581, type: 3}
      propertyPath: m_LocalScale.z
      value: 26.42
      objectReference: {fileID: 0}
    - target: {fileID: 3059336027126470425, guid: db683e61e98b98e4990eaa96ee769581, type: 3}
      propertyPath: m_LocalPosition.x
      value: -7.81
      objectReference: {fileID: 0}
    - target: {fileID: 3059336027126470425, guid: db683e61e98b98e4990eaa96ee769581, type: 3}
      propertyPath: m_LocalPosition.y
      value: -1.1
      objectReference: {fileID: 0}
    - target: {fileID: 3059336027126470425, guid: db683e61e98b98e4990eaa96ee769581, type: 3}
      propertyPath: m_LocalPosition.z
      value: -4.25
      objectReference: {fileID: 0}
    - target: {fileID: 3059336027126470425, guid: db683e61e98b98e4990eaa96ee769581, type: 3}
      propertyPath: m_LocalRotation.w
      value: 0.55819154
      objectReference: {fileID: 0}
    - target: {fileID: 3059336027126470425, guid: db683e61e98b98e4990eaa96ee769581, type: 3}
      propertyPath: m_LocalRotation.x
      value: -0.45136097
      objectReference: {fileID: 0}
    - target: {fileID: 3059336027126470425, guid: db683e61e98b98e4990eaa96ee769581, type: 3}
      propertyPath: m_LocalRotation.y
      value: 0.53279644
      objectReference: {fileID: 0}
    - target: {fileID: 3059336027126470425, guid: db683e61e98b98e4990eaa96ee769581, type: 3}
      propertyPath: m_LocalRotation.z
      value: -0.44813338
      objectReference: {fileID: 0}
    - target: {fileID: 3059336027126470425, guid: db683e61e98b98e4990eaa96ee769581, type: 3}
      propertyPath: m_LocalEulerAnglesHint.x
      value: -1.511
      objectReference: {fileID: 0}
    - target: {fileID: 3059336027126470425, guid: db683e61e98b98e4990eaa96ee769581, type: 3}
      propertyPath: m_LocalEulerAnglesHint.y
      value: 88.578
      objectReference: {fileID: 0}
    - target: {fileID: 3059336027126470425, guid: db683e61e98b98e4990eaa96ee769581, type: 3}
      propertyPath: m_LocalEulerAnglesHint.z
      value: -78.991
      objectReference: {fileID: 0}
    - target: {fileID: 3263965214640160472, guid: db683e61e98b98e4990eaa96ee769581, type: 3}
      propertyPath: m_Name
      value: Obstacle (5)
      objectReference: {fileID: 0}
    - target: {fileID: 3667006767788941088, guid: db683e61e98b98e4990eaa96ee769581, type: 3}
      propertyPath: m_Materials.Array.data[0]
      value: 
      objectReference: {fileID: 2100000, guid: 370f72b4b7d83474ea5872e63a89aab8, type: 2}
    m_RemovedComponents: []
  m_SourcePrefab: {fileID: 100100000, guid: db683e61e98b98e4990eaa96ee769581, type: 3}
--- !u!4 &2065902451 stripped
Transform:
  m_CorrespondingSourceObject: {fileID: 3059336027126470425, guid: db683e61e98b98e4990eaa96ee769581, type: 3}
  m_PrefabInstance: {fileID: 1571259448}
  m_PrefabAsset: {fileID: 0}
--- !u!4 &2077848274 stripped
Transform:
  m_CorrespondingSourceObject: {fileID: 3059336027126470425, guid: db683e61e98b98e4990eaa96ee769581, type: 3}
  m_PrefabInstance: {fileID: 265368329}
  m_PrefabAsset: {fileID: 0}
--- !u!4 &2104615777 stripped
Transform:
  m_CorrespondingSourceObject: {fileID: 3059336027126470425, guid: db683e61e98b98e4990eaa96ee769581, type: 3}
  m_PrefabInstance: {fileID: 1967005026}
  m_PrefabAsset: {fileID: 0}
--- !u!1001 &975459414063428300
PrefabInstance:
  m_ObjectHideFlags: 0
  serializedVersion: 2
  m_Modification:
    m_TransformParent: {fileID: 0}
    m_Modifications:
    - target: {fileID: 975459413236419137, guid: 1b7191c96ce9b1c40bad999f05dceb56, type: 3}
      propertyPath: m_RootOrder
      value: 5
      objectReference: {fileID: 0}
    - target: {fileID: 975459413236419137, guid: 1b7191c96ce9b1c40bad999f05dceb56, type: 3}
      propertyPath: m_LocalPosition.x
      value: -14.27
      objectReference: {fileID: 0}
    - target: {fileID: 975459413236419137, guid: 1b7191c96ce9b1c40bad999f05dceb56, type: 3}
      propertyPath: m_LocalPosition.y
      value: 1.67
      objectReference: {fileID: 0}
    - target: {fileID: 975459413236419137, guid: 1b7191c96ce9b1c40bad999f05dceb56, type: 3}
      propertyPath: m_LocalPosition.z
      value: 0
      objectReference: {fileID: 0}
    - target: {fileID: 975459413236419137, guid: 1b7191c96ce9b1c40bad999f05dceb56, type: 3}
      propertyPath: m_LocalRotation.w
      value: 1
      objectReference: {fileID: 0}
    - target: {fileID: 975459413236419137, guid: 1b7191c96ce9b1c40bad999f05dceb56, type: 3}
      propertyPath: m_LocalRotation.x
      value: 0
      objectReference: {fileID: 0}
    - target: {fileID: 975459413236419137, guid: 1b7191c96ce9b1c40bad999f05dceb56, type: 3}
      propertyPath: m_LocalRotation.y
      value: 0
      objectReference: {fileID: 0}
    - target: {fileID: 975459413236419137, guid: 1b7191c96ce9b1c40bad999f05dceb56, type: 3}
      propertyPath: m_LocalRotation.z
      value: 0
      objectReference: {fileID: 0}
    - target: {fileID: 975459413236419137, guid: 1b7191c96ce9b1c40bad999f05dceb56, type: 3}
      propertyPath: m_LocalEulerAnglesHint.x
      value: 0
      objectReference: {fileID: 0}
    - target: {fileID: 975459413236419137, guid: 1b7191c96ce9b1c40bad999f05dceb56, type: 3}
      propertyPath: m_LocalEulerAnglesHint.y
      value: 0
      objectReference: {fileID: 0}
    - target: {fileID: 975459413236419137, guid: 1b7191c96ce9b1c40bad999f05dceb56, type: 3}
      propertyPath: m_LocalEulerAnglesHint.z
      value: 0
      objectReference: {fileID: 0}
    - target: {fileID: 975459413236419140, guid: 1b7191c96ce9b1c40bad999f05dceb56, type: 3}
      propertyPath: m_Name
      value: Rocket
      objectReference: {fileID: 0}
    m_RemovedComponents: []
  m_SourcePrefab: {fileID: 100100000, guid: 1b7191c96ce9b1c40bad999f05dceb56, type: 3}
--- !u!1001 &6307300859866775171
PrefabInstance:
  m_ObjectHideFlags: 0
  serializedVersion: 2
  m_Modification:
    m_TransformParent: {fileID: 0}
    m_Modifications:
    - target: {fileID: 6307300858253359119, guid: 6c481962dbf88cc429b10d348ea6f3db, type: 3}
      propertyPath: m_Name
      value: Launch Pad
      objectReference: {fileID: 0}
    - target: {fileID: 6307300858253359119, guid: 6c481962dbf88cc429b10d348ea6f3db, type: 3}
      propertyPath: m_TagString
      value: Friendly
      objectReference: {fileID: 0}
    - target: {fileID: 6307300858253359123, guid: 6c481962dbf88cc429b10d348ea6f3db, type: 3}
      propertyPath: m_RootOrder
      value: 3
      objectReference: {fileID: 0}
    - target: {fileID: 6307300858253359123, guid: 6c481962dbf88cc429b10d348ea6f3db, type: 3}
      propertyPath: m_LocalPosition.x
      value: -14.27
      objectReference: {fileID: 0}
    - target: {fileID: 6307300858253359123, guid: 6c481962dbf88cc429b10d348ea6f3db, type: 3}
      propertyPath: m_LocalPosition.y
      value: 0.3
      objectReference: {fileID: 0}
    - target: {fileID: 6307300858253359123, guid: 6c481962dbf88cc429b10d348ea6f3db, type: 3}
      propertyPath: m_LocalPosition.z
      value: 0
      objectReference: {fileID: 0}
    - target: {fileID: 6307300858253359123, guid: 6c481962dbf88cc429b10d348ea6f3db, type: 3}
      propertyPath: m_LocalRotation.w
      value: 1
      objectReference: {fileID: 0}
    - target: {fileID: 6307300858253359123, guid: 6c481962dbf88cc429b10d348ea6f3db, type: 3}
      propertyPath: m_LocalRotation.x
      value: 0
      objectReference: {fileID: 0}
    - target: {fileID: 6307300858253359123, guid: 6c481962dbf88cc429b10d348ea6f3db, type: 3}
      propertyPath: m_LocalRotation.y
      value: 0
      objectReference: {fileID: 0}
    - target: {fileID: 6307300858253359123, guid: 6c481962dbf88cc429b10d348ea6f3db, type: 3}
      propertyPath: m_LocalRotation.z
      value: 0
      objectReference: {fileID: 0}
    - target: {fileID: 6307300858253359123, guid: 6c481962dbf88cc429b10d348ea6f3db, type: 3}
      propertyPath: m_LocalEulerAnglesHint.x
      value: 0
      objectReference: {fileID: 0}
    - target: {fileID: 6307300858253359123, guid: 6c481962dbf88cc429b10d348ea6f3db, type: 3}
      propertyPath: m_LocalEulerAnglesHint.y
      value: 0
      objectReference: {fileID: 0}
    - target: {fileID: 6307300858253359123, guid: 6c481962dbf88cc429b10d348ea6f3db, type: 3}
      propertyPath: m_LocalEulerAnglesHint.z
      value: 0
      objectReference: {fileID: 0}
    m_RemovedComponents: []
  m_SourcePrefab: {fileID: 100100000, guid: 6c481962dbf88cc429b10d348ea6f3db, type: 3}
--- !u!1001 &6415114260533945361
PrefabInstance:
  m_ObjectHideFlags: 0
  serializedVersion: 2
  m_Modification:
    m_TransformParent: {fileID: 0}
    m_Modifications:
    - target: {fileID: 6415114260787251820, guid: b9e9f1eccbdb7334d9f52b06adc52736, type: 3}
      propertyPath: m_Name
      value: Ground
      objectReference: {fileID: 0}
    - target: {fileID: 6415114260787251856, guid: b9e9f1eccbdb7334d9f52b06adc52736, type: 3}
      propertyPath: m_RootOrder
      value: 2
      objectReference: {fileID: 0}
    - target: {fileID: 6415114260787251856, guid: b9e9f1eccbdb7334d9f52b06adc52736, type: 3}
      propertyPath: m_LocalPosition.x
      value: 0
      objectReference: {fileID: 0}
    - target: {fileID: 6415114260787251856, guid: b9e9f1eccbdb7334d9f52b06adc52736, type: 3}
      propertyPath: m_LocalPosition.y
      value: -15
      objectReference: {fileID: 0}
    - target: {fileID: 6415114260787251856, guid: b9e9f1eccbdb7334d9f52b06adc52736, type: 3}
      propertyPath: m_LocalPosition.z
      value: 0
      objectReference: {fileID: 0}
    - target: {fileID: 6415114260787251856, guid: b9e9f1eccbdb7334d9f52b06adc52736, type: 3}
      propertyPath: m_LocalRotation.w
      value: 1
      objectReference: {fileID: 0}
    - target: {fileID: 6415114260787251856, guid: b9e9f1eccbdb7334d9f52b06adc52736, type: 3}
      propertyPath: m_LocalRotation.x
      value: 0
      objectReference: {fileID: 0}
    - target: {fileID: 6415114260787251856, guid: b9e9f1eccbdb7334d9f52b06adc52736, type: 3}
      propertyPath: m_LocalRotation.y
      value: 0
      objectReference: {fileID: 0}
    - target: {fileID: 6415114260787251856, guid: b9e9f1eccbdb7334d9f52b06adc52736, type: 3}
      propertyPath: m_LocalRotation.z
      value: 0
      objectReference: {fileID: 0}
    - target: {fileID: 6415114260787251856, guid: b9e9f1eccbdb7334d9f52b06adc52736, type: 3}
      propertyPath: m_LocalEulerAnglesHint.x
      value: 0
      objectReference: {fileID: 0}
    - target: {fileID: 6415114260787251856, guid: b9e9f1eccbdb7334d9f52b06adc52736, type: 3}
      propertyPath: m_LocalEulerAnglesHint.y
      value: 0
      objectReference: {fileID: 0}
    - target: {fileID: 6415114260787251856, guid: b9e9f1eccbdb7334d9f52b06adc52736, type: 3}
      propertyPath: m_LocalEulerAnglesHint.z
      value: 0
      objectReference: {fileID: 0}
    m_RemovedComponents: []
  m_SourcePrefab: {fileID: 100100000, guid: b9e9f1eccbdb7334d9f52b06adc52736, type: 3}
--- !u!1001 &7948589704666976653
PrefabInstance:
  m_ObjectHideFlags: 0
  serializedVersion: 2
  m_Modification:
    m_TransformParent: {fileID: 0}
    m_Modifications:
    - target: {fileID: 7948589704937209280, guid: a262cf5eead777a488fd34b75e7e761e, type: 3}
      propertyPath: m_Name
      value: Landing Pad
      objectReference: {fileID: 0}
    - target: {fileID: 7948589704937209280, guid: a262cf5eead777a488fd34b75e7e761e, type: 3}
      propertyPath: m_TagString
      value: Finish
      objectReference: {fileID: 0}
    - target: {fileID: 7948589704937209308, guid: a262cf5eead777a488fd34b75e7e761e, type: 3}
      propertyPath: m_RootOrder
      value: 4
      objectReference: {fileID: 0}
    - target: {fileID: 7948589704937209308, guid: a262cf5eead777a488fd34b75e7e761e, type: 3}
      propertyPath: m_LocalPosition.x
      value: -13.56
      objectReference: {fileID: 0}
    - target: {fileID: 7948589704937209308, guid: a262cf5eead777a488fd34b75e7e761e, type: 3}
      propertyPath: m_LocalPosition.y
      value: 9.22
      objectReference: {fileID: 0}
    - target: {fileID: 7948589704937209308, guid: a262cf5eead777a488fd34b75e7e761e, type: 3}
      propertyPath: m_LocalPosition.z
      value: 0
      objectReference: {fileID: 0}
    - target: {fileID: 7948589704937209308, guid: a262cf5eead777a488fd34b75e7e761e, type: 3}
      propertyPath: m_LocalRotation.w
      value: 1
      objectReference: {fileID: 0}
    - target: {fileID: 7948589704937209308, guid: a262cf5eead777a488fd34b75e7e761e, type: 3}
      propertyPath: m_LocalRotation.x
      value: 0
      objectReference: {fileID: 0}
    - target: {fileID: 7948589704937209308, guid: a262cf5eead777a488fd34b75e7e761e, type: 3}
      propertyPath: m_LocalRotation.y
      value: 0
      objectReference: {fileID: 0}
    - target: {fileID: 7948589704937209308, guid: a262cf5eead777a488fd34b75e7e761e, type: 3}
      propertyPath: m_LocalRotation.z
      value: 0
      objectReference: {fileID: 0}
    - target: {fileID: 7948589704937209308, guid: a262cf5eead777a488fd34b75e7e761e, type: 3}
      propertyPath: m_LocalEulerAnglesHint.x
      value: 0
      objectReference: {fileID: 0}
    - target: {fileID: 7948589704937209308, guid: a262cf5eead777a488fd34b75e7e761e, type: 3}
      propertyPath: m_LocalEulerAnglesHint.y
      value: 0
      objectReference: {fileID: 0}
    - target: {fileID: 7948589704937209308, guid: a262cf5eead777a488fd34b75e7e761e, type: 3}
      propertyPath: m_LocalEulerAnglesHint.z
      value: 0
      objectReference: {fileID: 0}
    m_RemovedComponents: []
  m_SourcePrefab: {fileID: 100100000, guid: a262cf5eead777a488fd34b75e7e761e, type: 3}
